=LDR  00536aam a2200157   4500
=001  16609
=005  20250109132722.0
=008  190506s1915\\\\\\\\\\\\\\\\\\\\\\0\n
=041  \\$an
=100  \\$aDutry, Albert$4aut$918347
=245  \\$aDe kunst op het platteland (Schets eener landelijke schoonheidsleer)
=260  \\$aGent$bDrukk. A. De Scheemaecker$c1915
=300  \\$a45
=942  \\$cBOO
=952  \\$00$10$2ddc$40$6VIS_DUTR$70$8VIS$916630$aORPH$bORPH$cKTS1_H$d2022-09-19$l0$oVIS DUTR$p20131044$r2021-01-12 00:00:00$w2021-01-12$yBOO
=999  \\$c16609$d16609

