=LDR  02539aam a2200241   4500
=001  16611
=005  20251001162234.0
=008  120411s1996\\\\\\\\\\\\\\\\\\\\\\0\ger
=020  \\$a3860644688
=041  \\$ager
=100  \\$aKleiber, Marko$4aut$918351
=245  \\$a"Kunst und Mythos" bei Georg Picht:$bIhre Bedeutung für die Frage des Menschen nach Wahrheit und Wirklichkeit
=260  \\$aHamburg$bKovac$c1996
=300  \\$a143 pages
=520  \\$aDiese Arbeit will durch die Auswahl und Darstellung zentraler philosophischer Grundgedanken Georg Pichts die Bedeutung der Bereiche von Kunst und Mythos neu bedenken. Auch für unsere Zeit soll insbesondere das Feld der Kunst als mögliche Bereicherung für die Philosophie dargestellt werden. Dazu wird, mit Picht im wesentlichen vom Feld der Musik als repräsentativ für ein Gesamt der Kunst ausgehend, der Versuch unternommen, deren grundlegende Aspekte herauszuarbeiten sowie auf Übergangsfelder zu Philosophie und Religion aufmerksam zu machen. 
Der Standpunkt, von dem aus auf den evangelischen Philosophen Picht geblickt wird, ist durch ein Philosophiestudium an der Jesuitenhochschule München geprägt. Es werden bewusst Parallelen zum dortigen Philosophieren gesucht sowie naheliegende Weiterführungen oder Ergänzungen unternommen. 

Vom Thema her sollte sich ein gemeinsames Interesse von Philosophie und Kunst an einer "Wahrheit" abzeichnen, welches die ganze Arbeit hindurch gegenwärtig bleibt. Auf "die durchaus offenen denkerischen Ansätze" (Picht-Axenfeld) Pichts folgen manchmal auch Weiterführungen und mögliche Ausblicke nach Lotz, Splett oder Balthasar. Durch die sich bewusst von geschichtlicher Zuordnung oder streng begriffsanalytischen Ansätzen abhebende Methode wird zudem der Sorge Rechnung getragen, "nicht zu versuchen, irgend eine Teilerkenntnis über die [...] Ansätze [...] zu breiten, so dass diese in Gefahr sind, wiederum zu Thesen und Antithesen zu zerfallen." (Picht-Axenfeld) 


=600  10$aPicht, Georg$d1913-1982$1http://www.wikidata.org/entity/Q1505636$925676
=648  \0$a20th Century (1901-2000)$1http://www.wikidata.org/entity/Q6927$920936
=650  \0$aAesthetics$1http://www.wikidata.org/entity/Q35986$921494
=650  \0$aMythology$1http://www.wikidata.org/entity/Q9134$921600
=651  \0$aGermany$1http://www.wikidata.org/entity/Q183$9155
=942  \\$cBOO
=952  \\$00$10$2ddc$40$6PHI_PICH_B_KLEI$70$8PHI$916632$aORPH$bORPH$cKM12_3_2$d2021-08-17$g95.00$oPHI PICH b KLEI$p20133898$r2021-01-12 00:00:00$w2021-01-12$yBOO
=999  \\$d16611

