=LDR  00665aam a2200193   4500
=001  16622
=005  20250109133527.0
=008  120712s1986\\\\\\\\\\\\\\\\\\\\\\0\eng
=020  \\$a9780691028323
=041  \\$aeng
=245  \\$aLaboratory Life:$bThe Construction of Scientific Facts
=260  \\$aPrinceton, NJ$bPrinceton University Press$c1986
=300  \\$a294 pages
=700  \\$4aut$aLatour, Bruno$d1947-2022$918358
=700  \\$4aut$aWoolgar, Steve$918359
=700  \\$4win$aSalk, Jonas$922005
=942  \\$cBOO
=952  \\$00$10$2ddc$40$6SCI_LATO$70$8SCI$916644$aORPH$bORPH$cKM12_1$d2021-08-12$g112.00$oSCI LATO$p20131247$r2021-01-12 00:00:00$w2021-01-12$yBOO
=999  \\$d16622

