=LDR  03199aam a2200433   4500
=001  16623
=005  20250925143303.0
=008  130930s2012\\\\\\\\\\\\\m\\\\\\\\0\eng\d
=024  \\$2Aeon$aAECD 0748; 0977; 1109
=041  \\$aeng
=100  \\$aDeforce, Arne$915774$4aut$4prf$eVioloncello
=245  \\$aLaborinth Π:$bAn advanced experimental PhD research and concert project on the artistic performance of complex music and beyond
=260  \\$aLeiden$bUniversiteit Leiden$c2012
=300  \\$a9+173+[31]+2+79+[26] pages$bplexiglass box, containing 3 loose sheets, two booklets, 3 music scores, 3 CDs and 1 CDr
=500  \\$aDoctoral dissertation
=505  \\$g Laborinth Π: 472 'Meditaties' over de noodzaak van het creatief denken en experimenteren in het uitvoeren van complexe muziek van 1962 tot heden / Arne Deforce -- De partituur van het denken / Arne Deforce -- Laborinth Π: In-between. Het binnen buiten gekeerd of het denken in nooit eindigende begin / Arne Deforce -- Life-form / Richard Barrett -- Rhizoom (poster) / Arne Deforce -- Laborinth Π: Cellomarathon / Arne Deforce -- Etudes boréales I-IV (score) / John Cage -- Time and Motion Study II (score) / Brian Ferneyhough (score) -- Trilogia, I tre stadi dell'uomo (CD) / Giacinto Scelsi -- Patterns in a Chromatic Field (CD) / Morton Feldman -- Complete Cello Works (CD) / Iannis Xenakis -- Time & Motion Study II (CDr) / Brian Ferneyhough
=610  \0$aOrpheus Instituut (Ghent, Belgium)$1http://www.wikidata.org/entity/Q2289519$922507
=648  \0$a20th Century (1901-2000)$1http://www.wikidata.org/entity/Q6927$920936
=648  \0$a21st Century (2001-2100)$1http://www.wikidata.org/entity/Q6939$920812
=650  \0$aArtistic research$1http://www.wikidata.org/entity/Q20827087$921804
=650  \0$aAvant-garde$1http://www.wikidata.org/entity/Q102932$921178
=650  \0$aPerformance$1http://www.wikidata.org/entity/Q6942562$926223
=650  \0$aCello$1http://www.wikidata.org/entity/Q8371$92688
=651  \0$aUnited Kingdom$1http://www.wikidata.org/entity/Q21$1http://www.wikidata.org/entity/Q145$9273
=651  \0$aUSA$1http://www.wikidata.org/entity/Q30$943
=651  \0$aGermany$1http://www.wikidata.org/entity/Q183$9155
=651  \0$aFrance$1http://www.wikidata.org/entity/Q142$9131
=700  \\$aCage, John$d1912-1992$1http://www.wikidata.org/entity/Q180727$4cmp$916600
=700  \\$aBarrett, Richard$4cmp$919020
=700  \\$aFerneyhough, Brian$d-1943$1http://www.wikidata.org/entity/Q462291$4cmp$923085
=700  \\$aXenakis, Iannis$d1922-2001$1http://www.wikidata.org/entity/Q152880$4cmp$916091
=700  \\$aScelsi, Giacinto$d1905-1988$1http://www.wikidata.org/entity/Q456751$4cmp$917716
=700  \\$aFeldman, Morton$d1926-1987$1http://www.wikidata.org/entity/Q316427$917012
=700  \\$aDillon, James$d1950-$1http://www.wikidata.org/entity/Q709092$4cmp$939771
=700  \\$aHarvey, Jonathan$4cmp$915775
=700  \\$aLachenmann, Helmut$d1935-$1http://www.wikidata.org/entity/Q549442$4cmp$916974
=942  \\$cDIS
=952  \\$00$10$2ddc$40$6MTB_5_000000000000000_DEFO$70$8MTP$916645$aORPH$bORPH$cKM12_1$d2012-11-05$l0$oMTB5 DEFO$p20146238$r2021-01-12 00:00:00$w2021-01-12$yDIS
=999  \\$d16623

