=LDR  00561aam a2200157   4500
=001  16628
=005  20230123102337.0
=008  130513s2001\\\\\\\\\\\\\\\\\\\\\\0\dut
=041  \\$adut
=100  \\$4aut$aVanoverschelde, Gilbert$917233
=245  \\$aLandelijke subsidies voor Nederlands-Vlaamse samenwerking
=260  \\$aLeuven$bKatholieke Universiteit Leuven$c2001
=300  \\$a68 pages
=942  \\$cBOO
=952  \\$00$10$2ddc$40$6REF_2_000000000000000_VANO$70$8REF$916650$aORPH$bORPH$cKM12_1$d2021-08-24$oREF2 VANO$p20131182$r2021-01-12 00:00:00$w2021-01-12$yBOO
=999  \\$d16628

