=LDR  01384aam a2200181   4500
=001  16633
=005  20251009081721.0
=008  120924s2000\\\\\\\\\\\\\\\\\\\\\\0\e
=020  \\$a9780739101759
=041  \\$aeng
=100  \\$4edt$aSchmidt, Lawrence K.$918365
=245  \\$aLanguage and linguisticality in Gadamer's hermeneutics
=260  \\$aLanham$bLexington Books$c2000
=300  \\$a193
=520  \\$aIn this book, internationally recognized scholars in philosophical hermeneutics discuss various aspects of language and linguisticality. The translations of Hans-Georg Gadamer's two recent essays provoke a preliminary discussion on the philosopher's polemic claim in Truth and Method"Being that can be understood is language." Topics addressed by the contributors include the relationship of rituals to tradition and the immemorial; the unity of the word; conversation; translation and conceptuality; and the interrelationship between the art of writing and linguisticality. This work is of critical importance to anyone interested in Gadamer's claims regarding the boundaries of language, the transition from the prelinguistic to linguistic realms, and the role of rituals in this transition.
=942  \\$cBOO
=952  \\$00$10$2ddc$40$6PHI_GADA_B_SCHM$70$8PHI$916655$aORPH$bORPH$cKM12_3_2$d2021-08-18$g45.00$oPHI GADA b SCHM$p20133921$r2021-01-12 00:00:00$w2021-01-12$yBOO
=999  \\$c16633$d16633

