=LDR  01466aam a2200205   4500
=001  16641
=005  20251001162313.0
=008  120110s2001\\\\\\\\\\\\\\\\\\\\\\0\eng
=020  \\$a0198161808
=041  \\$aeng
=100  \\$aCooke, Deryck$4aut$918373
=245  \\$aThe Language of Music
=260  \\$aOxford$bOxford University Press$c2001
=300  \\$a289 pages
=520  \\$aFirst published in 1959, this original study argues that the main characteristic of music is that it expresses and evokes emotion, and that all composers whose music has a tonal basis have used the same, or closely similar, melodic phrases, harmonies, and rhythms to affect the listener in the same ways. He supports this view with hundreds of musical examples, ranging from plainsong to Stravinsky, and contends that music is a language in the specific sense that we can identify idioms and draw up a list of meanings. The book's final section analyzes two symphonies, Mozart's Fortieth and Vaughan Williams's Sixth, to explore the nature of musical inspiration and the process whereby the notes actually convey emotion from composer to listener.
=650  \0$aMusic philosophy and aesthetics$1http://www.wikidata.org/entity/Q2092865$921165
=650  \0$aLinguistics$1http://www.wikidata.org/entity/Q8162$93902
=942  \\$cBOO
=952  \\$00$10$2ddc$40$6AES_COOK1$70$8AES$916663$aORPH$bORPH$cKM12_1$d2022-03-09$l1$oAES COOK1$p20135119$r2022-03-09 00:00:00$s2022-03-09$w2021-01-12$yBOO
=999  \\$d16641

