=LDR  01261aam a2200265   4500
=001  16644
=005  20251001162234.0
=008  170406r20001877\\\\\\\\\\\\\\\\\\0\eng\d
=020  \\$a9781298829429
=041  \\$aeng$hger
=100  \\$4aut$aLessing, Gotthold Ephraim$d1729-1781$1http://www.wikidata.org/entity/Q34628$95180
=245  \\$aLaocoon:$bAn Essay upon the Limits of Painting and Poetry, with Remarks Illustrative of Various Points in the History of Ancient Art
=260  \\$bPalala$c2016
=300  \\$a250 pages
=534  \\$aOriginally published in 1766; reprint of Boston: Roberts brothers, 1877
=648  \0$a18th Century (1701-1800)$1http://www.wikidata.org/entity/Q7015$920899
=650  \0$aAesthetics$1http://www.wikidata.org/entity/Q35986$921494
=650  \0$aFine art$1http://www.wikidata.org/entity/Q219625$921579
=650  \0$aLiterature$1http://www.wikidata.org/entity/Q8242$94439
=651  \0$aGermany$1http://www.wikidata.org/entity/Q183$9155
=700  \\$4trl$aFrothingham, Ellen$918376
=765  \\$aLaokoon oder über die Grenzen der Mahlerey und Poesie
=942  \\$cBOO
=952  \\$00$10$2ddc$40$6PHI_LESS_A$70$8PHI$916667$aORPH$bORPH$cKM12_3_2$d2021-08-11$g24.00$oPHI LESS a$p20133812$r2021-01-12 00:00:00$w2021-01-12$yBOO
=999  \\$d16644

