=LDR  01873aam a2200253   4500
=001  16648
=005  20250925143303.0
=008  130419s2012\\\\\\\\\\\\\\\\\\\\\\0\eng
=020  \\$a9780748645343
=041  \\$aeng
=245  \\$aLaruelle and Non-Philosophy
=260  \\$aEdinburgh$bEdinburgh University Press$c2012
=300  \\$a266 pages
=490  \\$aCritical Connections$v3
=520  \\$aThe first collection of critical essays on the work of this most original thinkers François Laruelle is one of the most important French philosophers of the last 20 years, and as his texts have become available in English there has been a rising tide of interest in his work, particularly on the concept of 'Non-Philosophy'. Non-philosophy radically rethinks many of the most cutting-edge concepts such as immanence, pluralism, resistance, science, democracy, decisionism, Marxism, theology and materialism. It also expands our view of what counts as philosophical thought, through art, science and politics, and beyond to fields as varied as film, animality and material objects.o Provides an overview of Laruelle's thought and an understanding of his contemporary relevanceo Contains an exclusive interview with Laruelle and a new essay written by Laruelle himselfo Includes an annotated bibliography of Laruelle's work and secondary sources


=600  \0$aLaruelle, François$919618
=648  \0$a20th Century (1901-2000)$1http://www.wikidata.org/entity/Q6927$920936
=650  \0$aPhilosophy$1http://www.wikidata.org/entity/Q5891$92357
=651  \0$aFrance$1http://www.wikidata.org/entity/Q142$9131
=700  \\$4edt$aMullarkey, John$918379
=700  \\$4edt$aSmith, Anthony Paul$918380
=942  \\$cBOO
=952  \\$00$10$2ddc$40$6PHI_LARU_B_MULL$70$8PHI$916671$aORPH$bORPH$cKM12_3_2$d2022-05-30$g19.00$oPHI LARU b MULL$p20130556$r2021-01-12 00:00:00$w2021-01-12$yBOO
=999  \\$d16648

