=LDR  01684aam a2200253   4500
=001  16652
=005  20251001162313.0
=008  120203s1997\\\\\\\\\\\\\\\\\\\\\\0\eng
=020  \\$a9780393966985
=041  \\$aeng
=100  \\$aStrunk, Oliver$d1901-1980$1http://www.wikidata.org/entity/Q1266266$4edt$920308
=245  \\$aThe Late Eighteenth Century
=260  \\$aNew York$bNorton$c1997
=300  \\$a317 pages
=490  \\$aStrunk's Source Readings in Music History$v5
=520  \\$aThe era of Haydn, Mozart, and early Beethoven not only produced music of enduring appeal, it also gave us significant writings that explain how music should be composed, performed, listened to, and understood. Included are selections from the great German pedagogical treaties of Quantz (on playing the flute), C. P. E. Bach (keyboard), Leopold Mozart (violin), and Kirnberger and Koch (on composition); opinions about opera by Rousseau, Diderot, and Gluck; ideas on expression by W. A. Mozart and G. de Staël; and historical/descriptive writings of Forkel, Charles Burney, and Susannah Burney.
=648  \0$a18th Century (1701-1800)$1http://www.wikidata.org/entity/Q7015$920899
=650  \0$aMusic philosophy and aesthetics$1http://www.wikidata.org/entity/Q2092865$921165
=650  \0$aMusic theory$1http://www.wikidata.org/entity/Q193544$92662
=650  \0$aMusic history$1http://www.wikidata.org/entity/Q846047$921373
=700  \\$aAllanbrook, Wye Jamison$d1943-2010$1http://www.wikidata.org/entity/Q8039708$4edt$919981
=942  \\$cBOO
=952  \\$00$10$2ddc$40$6GHM_0_000000000000000$70$8GHM$916675$aORPH$bORPH$cKM12_1$d2022-05-31$oGHM0$p20130683$r2021-01-12 00:00:00$w2021-01-12$yBOO
=999  \\$d16652

