=LDR  01807aam a2200193   4500
=001  16654
=005  20230123103620.0
=008  171206s2017\\\\\\\\\\\\\\\\\\\\\\0\f
=020  \\$a9782915794977
=041  \\$afre
=100  \\$aFeneyrou, Laurent$4aut$918384
=245  \\$aDe lave et de fer: une jeunesse Allemande: Helmut Lachenmann
=260  \\$aParis$bEditions MF$c2017
=300  \\$a281
=520  \\$aRaconter une certaine histoire de lAllemagne de lOuest, celle de ses mouvements dextrême-gauche, de leurs manifestations et de leur radicalisation dans les combats de rue et les actions violentes de la Fraction armée rouge. Du début des années 1960 à la fin des années 1990. Relater quelques faits saillants et étudier des discours, leurs thèses et leur rhétorique.

Observer en regard, sans lien a priori, lSuvre du compositeur Helmut Lachenmann (né en 1935). Y scruter son refus de lhabitude et sa conscience sociale, politique. Les mesurer à laune de cette histoire, mais aussi dautres musiciens, Hans Werner Henze ou Luigi Nono dont il fut lélève à Venise, et dautres créateurs. À travers des excursus synthétisant déloquents ouvrages de sciences humaines ou commentant films, vidéos dart, pièces de théâtre et Suvres plastiques, parmi ceux, innombrables, inspirés par ces années de plomb.

Instrument, geste, corps, lieu& Autant de médiations par lesquelles la musique de Lachenmann reflète ces situations de la plus grande tension, vibre de leurs déflagrations et de leurs soubresauts. En un temps de lexception, de lurgence, qui est également le nôtre.
=490  \\$aCollection répercussions
=942  \\$cBOO
=952  \\$00$10$2ddc$40$6BIO_LACH_D$70$8BIO$916677$aORPH$bORPH$cKTS1_P$d2021-10-19$g27.00$oBIO LACH d$p20129871$r2021-01-12 00:00:00$w2021-01-12$yBOO
=999  \\$c16654$d16654

