=LDR  01704aam a2200181   4500
=001  16657
=005  20250120120121.0
=008  150421s2004\\\\\\\\\\\\\\\\\\\\\\0\d
=020  \\$a3931659690
=041  \\$ager
=100  \\$4Hg$aSchmidgen, Henning$917769
=245  \\$aLebendige zeit: Wissenskulturen im werden
=260  \\$aBerlin$bKadmos$c2004
=300  \\$a473
=520  \\$aWissenschaft und Technik prägen in zunehmendem Maße unser Verständnis und unser Erleben von Zeit. Datennetze und Satellitensysteme führen zur Synchronisierung im globalen Maßstab, während Genetiker mit neuem Deutungsanspruch die Vergangenheit und Zukunft von Lebewesen bestimmen. Neurobiologen entdecken Zeitabstände im menschlichen Gehirn, die das Selbstverständnis des modernen Subjekts zu untergraben scheinen. Die Beiträge in diesem Band verdeutlichen, dass sich diese Situation keiner allgemeinen Tendenz zur Beschleunigung und keinem linearen Fortschritt verdankt. Seit dem 19. Jahrhundert sind es vielmehr spezifische, lokale Bewegungsgefüge, die - aufgestellt in Laboratorien, Museen und Fabriken - unser Wissen über die Zeit und das Leben formen. Das gilt für die Physiologie Claude Bernards ebenso wie für die Psychoanalyse Sigmund Freuds, für Einsteins Relativitätstheorie ebenso wie für die Artificial Life-Programme der heutigen Bioinformatik. Damit von Zeit überhaupt die Rede sein kann, müssen die Bewegungen von Menschen, Maschinen und Tieren, von Bildern, Dingen und Schriften unterbrochen und neu kombiniert werden.
=942  \\$cBOO
=952  \\$00$10$2ddc$40$6PHI_SCHM_A$70$8PHI$916680$aORPH$bORPH$cKM12_3_2$d2021-08-17$g29.00$oPHI SCHM a$p20133908$r2021-01-12 00:00:00$w2021-01-12$yBOO
=999  \\$c16657$d16657

