=LDR  02139aam a2200253   4500
=001  16660
=005  20251001162234.0
=008  120307s1991\\\\\\\\\\\\\\\\\\\\\\0\fre
=020  \\$a9782718603902
=041  \\$afre
=100  \\$aLyotard, Jean-François$d1924-1998$4aut$916628
=245  \\$aLeçons sur l'analytique du sublime
=260  \\$aParis$bGalilée$c1991
=300  \\$a304 pages
=520  \\$aL'Analytique du sublime occupe une place modeste dans la Critique de la faculté de juger de Kant, où elle est insérée sans aucune justification. 
Cependant le texte est si dense, parfois convulsif, qu'il est l'un des plus difficiles à déchiffrer du corpus kantien, au point que les commentaires souvent le simplifient ou le négligent. 
Cette Analytique ouvre pourtant la voie à une esthétique critique toute différente de celle du goût. Elle annonce une autre façon de situer et d'interroger les oeuvres de l'art et de la littérature. La pensée post-kantienne et le romantisme ont à la fois entendu et étouffé l'obscur message. 
Ces Leçons n?ont pour objet que d'essayer d'expliquer le texte de l'Analytique. Lyotard procède de façon interne, ne s'aidant, à peu de choses près, que des trois Critiques kantiennes. Il se soucie moins du système que Kant a en vue que de la réflexion qui soutient sa recherche. Il essaie de retrouver le motif qui commande ce texte : un différend violent peut surgir entre les pouvoirs de la pensée ; le sublime est le sentiment qui le signale à celle-ci.
=600  \0$1http://www.wikidata.org/entity/Q9312$aKant, Immanuel$d1724-1804$917146
=648  \0$1http://www.wikidata.org/entity/Q6927$a20th Century (1901-2000)$920936
=650  \0$1http://www.wikidata.org/entity/Q5891$aPhilosophy$92357
=650  \0$1http://www.wikidata.org/entity/Q999803$aSublime$923135
=650  \0$1http://www.wikidata.org/entity/Q35986$aAesthetics$921494
=650  \0$1http://www.wikidata.org/entity/Q47783$aPostmodernism$923399
=942  \\$cBOO
=952  \\$00$10$2ddc$40$6PHI_LYOT_A$70$8PHI$916683$aORPH$bORPH$cKM12_3_2$d2021-08-02$oPHI LYOT a$p20132834$r2021-01-12 00:00:00$w2021-01-12$yBOO
=999  \\$d16660

