=LDR  04250aam a2200253   4500
=001  16672
=005  20250120120511.0
=008  200619s1979\\\\\\\\\\\\\\\\\\\\\\0\eng
=020  \\$a9780300026696
=041  \\$aeng
=245  \\$aLegend, Myth, and Magic in the Image of an Artist:$bA Historical Experiment
=260  \\$aNew Haven, CT$aLondon$bYale University Press$c1979
=300  \\$a159 pages
=520  \\$aThis is the first English translation of a brief, scholarly, and brilliantly original work which sets out to examine the links between the legend of the artist, in all cultures, and what E.H. Gombrich, in an introductory essay, calls certain invariant traits of the human psyche.Denis Thomas, Journal of the Royal Society of Arts

This book gathers together various legends and attitudes about artists, ancient and modern, East and West, and gives fascinating insights into attitudes toward artistic creation. It impinges on psychology, art history and history, aesthetics, biography, myth and magic, and will be of great interest to a wide audience in many fields&. A delightful and unrivalled study.Howard Hibbard

Thought provoking and valuable&. To all those interested in psychiatry and art from the perspectives of history, criticism, or therapy and to the wide audience concerned with the psychology of aesthetics and of artistic creation.Albert Rothenberg, American Journal of Psychiatry

Ernst Kris was a psychoanalyst who wrote on a wide variety of subjects, including art.
Otto Kurz was librarian of the Warburg Institute in London.

The text (originally, a German-language contribution) was written by two very young scholars whose bold thesis is in many ways representative of the brilliant inquiries of modernist thinkers between the two World Wars (when a whole generation of Western intellectuals--including the highly articulate proponents of Surrealism--had fully absorbed the ground-breaking psychological researches of Freud and Jung). Kris and Kurz's thesis is that our modern ideas about what makes artists tick (inspiration, genius, eccentricity, neurosis or even madness, technical wizardry, etc.) have a very ancient and widespread ancestry. They correspond, to a greater or lesser extent, to a transcultural, and composite "artist type" (the different elements do not form a seamless whole, but arise from diverse and overlapping traditional understandings of the skills required for art-making) whose features can be found--as the title suggests--in ancient mythic and legendary material, and can be traced into the documented history of art, down to our own day. Rather than claiming outright that the "image" of The Artist is an archetype reembodied in every authentic flesh-and-blood artist, Kris and Kurz leave us with the more interesting possibility that individual artists, whether trained in a tradition that exalts personal talent, or one that rewards collaborative effort (and likewise the far more numerous viewers of their art), all inherit the composite "artist-template" and are molded by it in one way of another, according to the specific expectations of their particular social world. The authors cite a wealth of anecdotal material surviving in ancient European and Asian literary sources, establish its connections with Early Modern artistic biography, and also draw on anthropological material then becoming available to them. The book is not an "easy read," but it is concise and to the point (the opening chapter lays out all of the main arguments and rewards careful reading), and filled with marvelous examples of the special roles artists are, even now, called upon to play.
=650  \0$aFine art$1http://www.wikidata.org/entity/Q219625$921579
=650  \0$aMythology$1http://www.wikidata.org/entity/Q9134$921600
=650  \0$aCuckoo$1http://www.wikidata.org/entity/Q18845$922474
=700  \\$4aut$aKris, Ernst$918390
=700  \\$4aut$aKurz, Otto$918391
=700  \\$4win$aGombrich, Ernst$d1909-2001$1http://www.wikidata.org/entity/Q78504$911202
=765  \\$aDie Legende vom Künstler: Ein geschichtlicher Versuch
=942  \\$cBOO
=952  \\$00$10$2ddc$40$6PHI_KRIS_A$70$8PHI$916695$aORPH$bORPH$cKM12_3_2$d2021-08-10$oPHI KRIS a$p20133462$r2021-01-12 00:00:00$w2021-01-12$yBOO
=999  \\$d16672

