=LDR  01960aam a2200289   4500
=001  16682
=005  20250120120530.0
=008  181212s\\\\\\\\\\\\\\\\\\\\\\\\\\0\eng
=020  \\$a0844300438
=041  \\$aeng$hger
=100  \\$4crp$aJoachim, Joseph$d1831-1907$1http://www.wikidata.org/entity/Q159976$923039
=245  \\$aLetters from and to Joseph Joachim
=260  \\$aNew York$bVienna House$c1972
=300  \\$a470 pages
=520  \\$aOften cited as one of the great violinists of all time, Joseph Joachim (1831-1907) also had an "influence on the music of his time that was great beyond possibility of assessment" (J. A. Fuller-Maitland). It is this side of Joachim's life that emerges in these 464 pages of letters to and from: Brahms, Berlioz, Amalie Joachim, Jenny Lind, Franz Liszt, Clara Schumann, Robert Schumann, among many others. In effect a continouus narrative of his life, the letters, beginning in 1844 when he was 13 and ending in 1907, the year of his death, reveal Joachim's extraordinary character, unaffected and direct, and the intensity of his perceptions in matters of the art which was his life.
=561  \\$aOriginally published in 1914
=590  \\$aSelected and translated by Nora Bickley with a preface by J. A. Fuller-Maitland
=648  \0$a19th Century (1801-1900)$1http://www.wikidata.org/entity/Q6955$920935
=650  \0$aInstrumentalist$1http://www.wikidata.org/entity/Q1278335$921706
=650  \0$aCorrespondence$1http://www.wikidata.org/entity/Q1784733$921392
=651  \0$aGermany$1http://www.wikidata.org/entity/Q183$9155
=651  \0$aHungary$1http://www.wikidata.org/entity/Q28$921233
=700  \\$4edt$4trl$aBickley, Nora$918398
=700  \\$4win$aFuller Maitland, John Alexander$d1856-1936$1http://www.wikidata.org/entity/Q430943$918399
=942  \\$cBOO
=952  \\$00$10$2ddc$40$6BIO_JOAC_A$70$8BIO$916705$aORPH$bORPH$cKTS1_P$d2021-11-23$oBIO JOAC a$p20129778$r2021-01-12 00:00:00$w2021-01-12$yBOO
=999  \\$d16682

