=LDR  00917aam a2200217   4500
=001  16685
=005  20250120120416.0
=008  150702s1929\\\\\\\\\\\\\\\\\\\\\\0\fre
=041  \\$afre$hger
=100  \\$4aut$aWagner, Richard$d1813-1883$1http://www.wikidata.org/entity/Q1511$97120
=245  \\$aLettres à Emile Heckel
=260  \\$aParis$bCharpentier$c1929
=300  \\$a218 pages
=648  \0$a19th Century (1801-1900)$1http://www.wikidata.org/entity/Q6955$920935
=650  \0$aCorrespondence$1http://www.wikidata.org/entity/Q1784733$921392
=650  \0$aOpera$1http://www.wikidata.org/entity/Q1344$92468
=700  \\$4rcp$aHeckel, Emil$d1831-1908$1http://www.wikidata.org/entity/Q55842857$921509
=700  \\$4trl$aSchneider, Louis$918401
=942  \\$cBOO
=952  \\$00$10$2ddc$40$6BIO_WAGN1_A$70$8BIO$916708$aORPH$bORPH$cKTS1_P$d2021-10-26$oBIO WAGN1 a$p20130084$r2021-01-12 00:00:00$w2021-01-12$yBOO
=999  \\$c16685$d16685

