=LDR  01001aam a2200229   4500
=001  16686
=005  20250120120416.0
=008  150924s1868\\\\\\\\\\\\\\\\\\\\\\0\fre
=041  \\$afre$hger
=100  \\$4aut$aWagner, Richard$d1813-1883$1http://www.wikidata.org/entity/Q1511$97120
=245  \\$aLettres de Richard Wagner à ses amis Théodore Uhlig, Guillaume Fischer, Ferdinand Heine
=260  \\$aParis$bJuven$c1868
=300  \\$a425 pages
=648  \0$a19th Century (1801-1900)$1http://www.wikidata.org/entity/Q6955$920935
=650  \0$aCorrespondence$1http://www.wikidata.org/entity/Q1784733$921392
=700  \\$4trl$aKhnopff, Georges$918402
=700  \\$4rcp$aUhlig, Theodor$d1822-1853$1http://www.wikidata.org/entity/Q102176$921506
=700  \\$4rcp$aFischer, Wilhelm$921507
=700  \\$4rcp$aHeine, Ferdinand$921508
=942  \\$cBOO
=952  \\$00$10$2ddc$40$6BIO_WAGN1_A$70$8BIO$916709$aORPH$bORPH$cKTS1_P$d2021-10-26$oBIO WAGN1 a$p20130086$r2021-01-12 00:00:00$w2021-01-12$yBOO
=999  \\$c16686$d16686

