=LDR  01606aam a2200205   4500
=001  16687
=005  20250120120052.0
=008  170104s2015\\\\\\\\\\\\\\\\\\\\\\i\fre
=020  \\$a9782707329394
=041  \\$afre
=100  \\$4aut$aDeleuze, Gilles$d1925-1995$1http://www.wikidata.org/entity/Q184226$915927
=245  \\$aLettres et autres textes
=260  \\$aParis$bLes Éditions de Minuit$c2015
=300  \\$a314 pages
=520  \\$aLettres et autres textes est le troisième et dernier volume des textes posthumes de Gilles Deleuze, publié à loccasion du vingtième anniversaire de sa disparition. Il regroupe de nombreuses lettres adressées à ses contemporains (Michel Foucault, Pierre Klossowski, François Châtelet ou Clément Rosset). Particulièrement importantes à cet égard sont les lettres adressées à Félix Guattari, qui constituent un témoignage irremplaçable sur leur « travail à deux », de LAnti-Rdipe jusquà Quest-ce que la philosophie ? On y trouve aussi des lettres plus tardives adressées à des étudiants qui linterrogent sur son Suvre et lui permettent de léclairer dun regard nouveau. Y figurent également un ensemble de textes introuvables ou inédits, comme certains essais de jeunesse, quelques dessins insolites, ou un long entretien de 1973 sur LAnti-Rdipe avec Guattari.
=650  \0$aPhilosophy$1http://www.wikidata.org/entity/Q5891$92357
=700  \\$4edt$aLapoujade, David$916777
=942  \\$cBOO
=952  \\$00$10$2ddc$40$6PHIL_DELE_A$70$8PHI$916710$aORPH$bORPH$cKM12_3_2$d2015-12-08$g19.00$oPHIL DELE a$p20130528$r2021-01-12 00:00:00$w2021-01-12$yBOO
=999  \\$d16687

