=LDR  01267aam a2200277   4500
=001  16688
=005  20250120120159.0
=008  160703s1882\\\\\\\\\\\\\\\\\\\\\\idfre\d
=041  \\$afre
=100  \\$4crp$aBerlioz, Hector$d1803-1869$1http://www.wikidata.org/entity/Q1151$99542
=245  \\$aLettres intimes
=250  \\$a1st ed.
=260  \\$aParis$bCalmann-Lévy$c1882
=300  \\$a319 pages
=520  \\$aLettres 10 juin 1825 - 22 octobre 1867
=590  \\$aavec une préface par Charles Gounod
=648  \0$a19th Century (1801-1900)$1http://www.wikidata.org/entity/Q6955$920935
=650  \0$aComposer$1http://www.wikidata.org/entity/Q36834$93625
=650  \0$aCorrespondence$1http://www.wikidata.org/entity/Q1784733$921392
=650  \0$aBiography$1http://www.wikidata.org/entity/Q36279$91927
=651  \0$aFrance$1http://www.wikidata.org/entity/Q142$9131
=700  \\$4win$aGounod, Charles$d1818-1893$1http://www.wikidata.org/entity/Q180278$97571
=856  \\$uhttps://imslp.org/wiki/Lettres_intimes_(Berlioz%2C_Hector)$3International Music Score Library Project
=942  \\$cBOO
=952  \\$00$10$2ddc$40$6KTS_1_000000000000000_H_10_022$70$8RAR$916711$aORPH$bORPH$cKTS1_H$d2021-11-23$oKTS1 H.10.022$p20129618$r2021-01-12 00:00:00$w2021-01-12$yBOO
=999  \\$d16688

