=LDR  01500aam a2200181   4500
=001  16689
=005  20250109132723.0
=008  150910s2012\\\\\\\\\\\\\\\\\\\\\\0\e
=020  \\$a9780486489032
=041  \\$aeng
=100  \\$aWeyl, Herman$4aut$918403
=245  \\$aLevels of infinity: Selected writings on mathematics and philosophy
=260  \\$aMineola, New York$bDover publications$c2012
=300  \\$a240
=520  \\$aThis original anthology assembles eleven accessible essays by a giant of modern mathematics. Hermann Weyl (18851955) made lasting contributions to number theory as well as theoretical physics, and he was associated with Princeton's Institute for Advanced Study, the University of Göttingen, and ETH Zurich. Spanning the 1930s50s, these articles offer insights into logic and relativity theory in addition to reflections on the work of Weyl's mentor, David Hilbert, and his friend Emmy Noether.
Subjects include "Topology and Abstract Algebra as Two Roads of Mathematical Comprehension," "The Mathematical Way of Thinking," "Relativity Theory as a Stimulus in Mathematical Research," and "Why is the World Four-Dimensional?" Historians of mathematics, advanced undergraduates, and graduate students will appreciate these writings, many of which have been long unavailable to English-language readers.
=942  \\$cBOO
=952  \\$00$10$2ddc$40$6PHI_WEYL_A$70$8PHI$916712$aORPH$bORPH$cKM12_3_2$d2021-08-09$g47.00$oPHI WEYL a$p20133368$r2021-01-12 00:00:00$w2021-01-12$yBOO
=999  \\$c16689$d16689

