=LDR  00928aam a2200205   4500
=001  16691
=005  20250605144224.0
=008  150917s1946\\\\\\\\\\\\\\\\\\\\\\0bdut\d
=041  \\$adut
=100  \\$4aut$aSaar, Johannes du$1http://www.wikidata.org/entity/Q102313300$918405
=245  \\$aHet leven en de composities van Jacobus Barbireau
=260  \\$aUtrecht$bDe Haan$c1946
=300  \\$a209 pages
=600  \0$1http://www.wikidata.org/entity/Q1250056$aBarbireau, Jacques$d1455-1491$922704
=648  \0$1http://www.wikidata.org/entity/Q7018$a15th Century (1401-1500)$921015
=650  \0$1https://www.wikidata.org/wiki/Q36834$aComposer$1http://www.wikidata.org/entity/Q36834$93625
=651  \0$1http://www.wikidata.org/entity/Q12892$aAntwerp (Belgium)$920974
=942  \\$cBOO
=952  \\$00$10$2ddc$40$6BIO_BARBI1_D$70$8BIO$916714$aORPH$bORPH$cKTS1_P$d2022-03-18$oBIO BARBI1 d$p20129940$r2021-01-12 00:00:00$w2021-01-12$yBOO
=999  \\$d16691

