=LDR  01652aam a2200205   4500
=001  16695
=005  20250109132723.0
=008  190520s1991\\\\\\\\\\\\\\\\\\\\\\0\e
=020  \\$a9780521396417
=041  \\$aeng
=100  \\$4Author$aHobbes, Thomas$d1588-1679$1http://www.wikidata.org/entity/Q37621$918407
=100  \\$4Editor$aTuck, Richard$918408
=245  \\$aLeviathan
=260  \\$aCambridge$bCambridge University Press$c1991
=300  \\$a519
=520  \\$aThomas Hobbes' Leviathan is arguably the greatest piece of political philosophy written in the English language. Written in a time of great political turmoil (Hobbes' life spanned the reign of Charles I, the Civil Wars, the Commonwealth and the Protectorate, and the Restoration), Leviathan is an argument for obedience to authority grounded in an analysis of human nature. Since its first publication in 1991 Richard Tuck's edition of Leviathan has been recognised as the single most accurate and authoritative text, and for this revised edition Professor Tuck has provided a much amplified and expanded introduction, which will provide students unfamiliar with Hobbes with a cogent and accessible introduction to this most challenging of texts. Other vital aids to study include an extensive guide to further reading, a note on textual matters, a chronology of important events and brief biographies of important persons mentioned in Hobbes' text.
=490  \\$aCambridge texts in the history of political thought
=942  \\$cBOO
=952  \\$00$10$2ddc$40$6PHI_HOBB_A$70$8PHI$916718$aORPH$bORPH$cKM12_3_2$d2021-08-09$oPHI HOBB a$p20133303$r2021-01-12 00:00:00$w2021-01-12$yBOO
=999  \\$c16695$d16695

