=LDR  02362aam a2200205   4500
=001  16696
=005  20250109132723.0
=008  120312s1985\\\\\\\\\\\\\\\\\\\\\\0\e
=020  \\$a9780691024325
=041  \\$aeng
=100  \\$4aut$aShapin, Steven$918409
=100  \\$4aut$aSchaffer, Simon$918410
=245  \\$aLeviathan and the air-Pump: Hobbes, Boyle, and the experimental life
=260  \\$aNew Yersey$bPrinceton university press$c1985
=300  \\$a440 pages
=520  \\$aIn the aftermath of the English Civil War, as people were groping for new forms of political order, Robert Boyle built an air-pump to do exper­iments. Does the story of Roundheads and Restoration have something to do with the origins of experimental sci­ence? Schaffer and Shapin believed it does.

Focusing on the debates between Boyle and his archcritic Thomas Hobbes over the air-pump, the authors proposed that "solutions to the problem of knowledge are solutions to the problem of social order." Both Boyle and Hobbes were looking for ways of establishing knowledge that did not decay into ad hominem attacks and political division. Boyle proposed the experiment as cure. He argued that facts should be manufactured by machines like the air-pump so that gentlemen could witness the experiments and produce knowledge that everyone agreed on. Hobbes, by contrast, looked for natural law and viewed experiments as the artificial, unreliable products of an exclusive guild.

The new approaches taken in Leviathan and the Air-Pump have been enormously influential on historical studies of science. Shapin and Schaffer found a moment of scientific revolution and showed how key scientific givens--facts, interpretations, experiment, truth--were fundamental to a new political order. Shapin and Schaffer were also innovative in their ethnographic approach. Attempting to understand the work habits, rituals, and social structures of a remote, unfamiliar group, they argued that politics were tied up in what scientists did, rather than what they said.
=942  \\$cBOO$2ddc
=952  \\$00$10$2ddc$40$6SCI_SHAP$70$8SCI$916719$aORPH$bORPH$cKM12_1$g88.00$l0$oSCI SHAP$p20135443$r2021-01-12 00:00:00$w2021-01-12$yBOO
=952  \\$00$10$2ddc$40$6PHI_HOBB_B_SHAP$70$8PHI$916720$aORPH$bORPH$cKM12_3_2$d2021-08-18$g15.00$oPHI HOBB b SHAP$p20133955$r2021-01-12 00:00:00$w2021-01-12$yBOO
=999  \\$c16696$d16696

