=LDR  02178aam a2200193   4500
=001  16697
=005  20250109132723.0
=008  130318s2011\\\\\\\\\\\\\\\\\\\\\\0\e
=020  \\$a9780691150208
=041  \\$ae
=100  \\$4Auteur$aSchaffer, Simon$918410
=100  \\$4Auteur$aShapin, Steven$918409
=245  \\$aLeviathan and the air pump: Hobbes, boyle, and the experimental life
=260  \\$aOxford$bPrinceton university press$c2011
=300  \\$a391
=520  \\$aIn the aftermath of the English Civil War, as people were groping for new forms of political order, Robert Boyle built an air-pump to do experï¿½iments. Does the story of Roundheads and Restoration have something to do with the origins of experimental sciï¿½ence? Schaffer and Shapin believed it does. Focusing on the debates between Boyle and his archcritic Thomas Hobbes over the air-pump, the authors proposed that "solutions to the problem of knowledge are solutions to the problem of social order." Both Boyle and Hobbes were looking for ways of establishing knowledge that did not decay into ad hominem attacks and political division. Boyle proposed the experiment as cure. He argued that facts should be manufactured by machines like the air-pump so that gentlemen could witness the experiments and produce knowledge that everyone agreed on. Hobbes, by contrast, looked for natural law and viewed experiments as the artificial, unreliable products of an exclusive guild. The new approaches taken in Leviathan and the Air-Pump have been enormously influential on historical studies of science. Shapin and Schaffer found a moment of scientific revolution and showed how key scientific givens--facts, interpretations, experiment, truth--were fundamental to a new political order. Shapin and Schaffer were also innovative in their ethnographic approach. Attempting to understand the work habits, rituals, and social structures of a remote, unfamiliar group, they argued that politics were tied up in what scientists did, rather than what they said.
=942  \\$cBOO
=952  \\$00$10$40$70$8COLL_UNK$916721$aORPH$bORPH$cLOC_UNK$d2021-01-12$l0$r2021-01-12 00:00:00$w2021-01-12$yBOO
=999  \\$c16697$d16697

