=LDR  01519aam a2200229   4500
=001  16698
=005  20250120120056.0
=008  120703s2010\\\\\\\\\\\\\\\\\\\\\\0\ger
=020  \\$a9783890075662
=041  \\$ager
=245  \\$aLexicon der systematischen Musikwisschenschaft.$bMusikästhetik - Musiktheory - Musikpsychologie - Musiksoziologie
=260  \\$aLaaber$bLaaber-Verlag$c2010
=300  \\$a598 pages
=490  \\$aHandbuch der Systematischen Musikwissenschaft in 6 Bänden$v6
=520  \\$aDas erste umfassende Nachschlagewerk zur Systematischen Musikwissenschaft: Konzise und detaillierte Darstellungen der wichtigsten Begriffe aus den verschiedenen Disziplinen der Systematischen Musikwissenschaft werden erstmals in einem Lexikon zusammengeführt. So füllt das Lexikon auch deshalb eine Lücke, weil es die einzelnen Teildisziplinen miteinander vernetzt und dabei neuartige Sichtweisen aufzeigt.

Für den Einstieg in die Systematische Musikwissenschaft wie für die avancierte Recherche bietet dieses enzyklopädische Werk einen enormen Fundus an Information auf dem neuesten Stand des Wissens.
=700  \\$4edt$aMotte-Haber, Helga de la$916944
=700  \\$4edt$aLoesch, Heinz von$d1959-$1http://www.wikidata.org/entity/Q15432203$916424
=700  \\$4edt$aRötter, Günther$918411
=700  \\$4edt$aUtz, Christian$918412
=942  \\$cBOO
=952  \\$00$10$2ddc$40$6REF_1_000000000000000$70$8REF$916722$aORPH$bORPH$cKM12_1$d2021-08-30$g125.00$oREF1$p20134064$r2021-01-12 00:00:00$w2021-01-12$yBOO
=999  \\$d16698

