=LDR  00698aam a2200193   4500
=001  16708
=005  20250109133530.0
=008  140911s2014\\\\\\\\\\\\\\\\\\\\\\0\eng
=020  \\$a9788278530894
=041  \\$aeng
=100  \\$aBonnar, Lisa$4aut$918417
=245  \\$aLife and Lullabies:$bExploring the Basis of Meaningfulness in Parents' Lullaby Singing
=260  \\$aOslo$bNorwegian Academy of music$c2014
=300  \\$a401 pages
=490  \\$aNMH-publikasjoner$v2014:2
=650  \0$aLullaby$1http://www.wikidata.org/entity/Q193605$922092
=942  \\$cBOO
=952  \\$00$10$2ddc$40$6AES_BONN$70$8AES$916732$aORPH$bORPH$cKM12_1$d2021-08-30$oAES BONN$p20131243$r2021-01-12 00:00:00$w2021-01-12$yBOO
=999  \\$d16708

