=LDR  01432aam a2200181   4500
=001  16712
=005  20250109132723.0
=008  111025s1998\\\\\\\\\\\\\\\\\\\\\\0\e
=020  \\$a9780521575669
=041  \\$aeng
=100  \\$aBailey, Kathryn$4aut$918419
=245  \\$aThe life of Webern
=260  \\$aCambridge$bCambridge University Press$c1998
=300  \\$a217
=520  \\$aOn 15 September, 1945 the composer Anton Webern was shot in confusing circumstances in a small mountain village near Salzburg, and the world lost a composer of extreme originality whose mature music was still almost unknown. When Webern's works did come to light he immediately became one of the most influential figures in music of the second half of this century. But the composer who was hailed as the originator of the hyperintellectualised serialism of the 1950s and 60s was by nature an ardent romantic who held feeling - and comprehensibility - to be important above all else in art. This book focuses on several aspects of Webern's life that have been treated only briefly in earlier accounts: his youthful instability, his often embarrassing dependence on Schoenberg, his naive nationalism and his absolute belief in the value of the brief moments of music he produced.
=942  \\$cBOO
=952  \\$00$10$2ddc$40$6BIO_WEBE2_D$70$8BIO$916736$aORPH$bORPH$cKTS1_P$d2021-10-26$g12.00$oBIO WEBE2 d$p20129829$r2021-01-12 00:00:00$w2021-01-12$yBOO
=999  \\$c16712$d16712

