=LDR  02569aam a2200217   4500
=001  16713
=005  20250925143304.0
=008  140905s2010\\\\\\\\\\\\\\\\\\\\\\0\eng
=020  \\$a9780810872509
=041  \\$aeng
=100  \\$aSearby, Michael$4aut$918420
=245  \\$aLigeti's Stylistic Crisis:$bTransformation in His Musical Style 1974-1985
=260  \\$aToronto$bScarecrow$c2010
=300  \\$a199 pages
=520  \\$aThe Hungarian composer Gyorgy Ligeti (1923-2006) was one of the most innovative and influential composers of the last 50 years. He was one of a number of Central and East European composers, including Witold Lutoslawski and Krzysztof Penderecki, who have created musical languages that combine elements of the modernism of the West with a more flexible attitude to compositional technique. Ligeti's Stylistic Crisis: Transformation in His Musical Style, 1974-1985 explores how Ligeti's compositional style completely transformed during and after the composition of his only opera Le Grand Macabre (1974-1977). Michael D. Searby examines Ligeti's music from 1974 to 1985 in detail, with a particular emphasis on Le Grand Macabre, analyzing the music and providing possible explanations for the stylistic and compositional changes, as well as considering the consequences for Ligeti's subsequent music. In this first English-language book to focus on Ligeti's most significant work, Le Grand Macabre, Searby investigates Ligeti's music and its relationship to tonality, looking at his return to tradition and use of quotation and pastiche in the opera, and considering the transformation of Ligeti's style and technique after the opera. The Horn Trio (1982) with its romantic phrase structure is also analyzed to demonstrate the radical change in the composer's stylistic approach. Searby also examines Ligeti's relationship with postmodernism, addressing the modernist versus postmodernist polemic as it pertains to Ligeti's works. Many musical examples support the discussion, and an appendix summarizing the opera and photographs from a recent production, as well as an extensive bibliography, add to this valuable reference."
=600  \0$aLigeti, György$d1923-2006$1http://www.wikidata.org/entity/Q154331$917536
=648  \0$a20th Century (1901-2000)$1http://www.wikidata.org/entity/Q6927$920936
=650  \0$aComposer$1http://www.wikidata.org/entity/Q36834$93625
=942  \\$cBOO
=952  \\$00$10$2ddc$40$6BIO_LIGE_E$70$8BIO$916737$aORPH$bORPH$cKTS1_P$d2021-10-19$g29.67$oBIO LIGE e$p20129765$r2021-01-12 00:00:00$w2021-01-12$yBOO
=999  \\$c16713$d16713

