=LDR  01244aam a2200181   4500
=001  16715
=005  20250120120050.0
=008  120312s2007\\\\\\\\\\\\\\\\\\\\\\0\e
=020  \\$a9780415424271
=041  \\$aeng
=100  \\$aIngold, Tim$4aut$916690
=245  \\$aLines: A brief history
=260  \\$aLondon$bRoutledge$c2007
=300  \\$a186
=520  \\$aThis is the first book to explore the production and significance of lines. As walking, talking, gesticulating creatures, human beings generate lines wherever they go: here, Tim Ingold lays the foundations for an anthropological archaeology of the line. He investigates:

speech and song in the cultures of Papua New Guinea, the Navaho and Meso America
paths, trails and maps
drawing, writing and calligraphy
the modern and postmodern world.

Written by a leading expert in the field and including over seventy illustrations, this text offers a radically different approach to anthropological and archaeological studies, taking us on a journey which will change the way we look at the world and how we move within it.
=942  \\$cBOO
=952  \\$00$10$2ddc$40$6PHI_INGO_A$70$8PHI$916739$aORPH$bORPH$cKM12_3_2$d2021-08-11$oPHI INGO a$p20133755$r2021-01-12 00:00:00$w2021-01-12$yBOO
=999  \\$c16715$d16715

