=LDR  01436aam a2200217   4500
=001  16721
=005  20251001162313.0
=008  120125r20071976\\\a\\\\\\\\\\\\\\0\eng\d
=020  \\$a8780791472569
=041  \\$aeng
=100  \\$aIhde, Don$d1934-$4aut$1http://www.wikidata.org/entity/Q5292818$917255
=245  \\$aListening and Voice:$bPhenomenologies of Sound
=250  \\$a2nd ed.
=260  \\$aNew York$bState University of New York Press$c2007
=300  \\$a276 pages
=520  \\$aListening and Voice is an updated and expanded edition of Don Ihde's groundbreaking 1976 classic in the study of sound. Ranging from the experience of sound through language, music, religion, and silence, clear examples and illustrations take the reader into the important and often overlooked role of the auditory in human life. Ihde's newly added preface, introduction, and chapters extend these sound studies to the technologies of sound, including musical instrumentation, hearing aids, and the new group of scientific technologies which make infra- and ultra-sound available to human experience.
=650  \0$aMusic philosophy and aesthetics$1http://www.wikidata.org/entity/Q2092865$921165
=650  \0$aPhenomenology$1http://www.wikidata.org/entity/Q179235$920894
=942  \\$cBOO
=952  \\$00$10$2ddc$40$6AES_IHDE$70$8AES$916745$aORPH$bORPH$cKM12_1$d2021-12-22$l1$m3$oAES IHDE$p20139450$r2022-11-22 00:00:00$s2021-03-10$w2021-01-12$yBOO
=999  \\$d16721

