=LDR  01756aam a2200181   4500
=001  16727
=005  20230123103627.0
=008  111114s2011\\\\\\\\\\\\\\\\\\\\\\0\e
=020  \\$a9781580463232
=041  \\$aeng
=100  \\$aLoya, Shay$4aut$918431
=245  \\$aLiszt's transcultural modernism and the Hungarian-gypsy tradition
=260  \\$aRochester$bBoydell & Brewer$c2011
=300  \\$a362
=520  \\$aSome of Franz Liszt's most renowned pieces -- most famously his Hungarian Rhapsodies -- are written in a nineteenth-century Hungarian style known as verbunkos. Closely associated with the virtuosic playing tradition of the Hungarian-Gypsy band, the meaning and uses of this style in Liszt's music have been widely taken for granted and presented as straightforward. Taking a novel transcultural approach to nineteenth-century modernism, Shay Loya presents a series of critiques and sensitive music analyses that demonstrate how the verbunkos idiom, rich and artful in itself, interacted in myriad ways with Liszt's multiple cultural identities, compositional techniques, and modernist aesthetics. Even supposedly familiar works such as the Rhapsodies emerge in a new light, and more startlingly, we find out how the idiom inhabits and shapes works that bear no outward marks of nationality or ethnicity. Particularly surprising is its role in the famously enigmatic compositions of Liszt's old age, such as Nuages gris and Bagatelle sans tonalité. 

Shay Loya teaches at the University of Durham and is a board member of the Society for Music Analysis (UK).
=942  \\$cBOO
=952  \\$00$10$2ddc$40$6BIO_LISZ_E$70$8BIO$916751$aORPH$bORPH$cKTS1_P$d2021-10-19$g55.00$oBIO LISZ e$p20129785$r2021-01-12 00:00:00$w2021-01-12$yBOO$Vamazon.co.uk
=999  \\$c16727$d16727

