=LDR  01267aam a2200193   4500
=001  16728
=005  20250120120207.0
=008  131210s1975\\\\\\\\\\\\\\\\\\\\\\0\eng
=020  \\$a9780521290050
=041  \\$aeng
=100  \\$4edt$aGoody, Jack$918101
=245  \\$aLiteracy in Traditional Societies
=260  \\$aCambridge$bCambridge University Press$c1975
=300  \\$a349 pages
=520  \\$aThe importance of writing as a means of communication in a society formerly without it, or where writing has been confined to particular groups, is enormous. It objectifies speech, provides language with a material correlative, and in this material form speech can be transmitted over space and preserved over time. In this book the contributors discuss cultures at different levels of sophistication and literacy and examine the importance of writing on the development of these societies. All the articles except the first were specially written for this book and the extensive introduction unites and synthesizes the material.
=650  \0$aLinguistics$1http://www.wikidata.org/entity/Q8162$93902
=942  \\$cBOO
=952  \\$00$10$2ddc$40$6LIT_GOOD_A$70$8LIT$916752$aORPH$bORPH$cKM12_2_H$d2021-08-30$g50.49$oLIT GOOD a$p20131322$r2021-01-12 00:00:00$w2021-01-12$yBOO
=999  \\$d16728

