=LDR  02210aam a2200205   4500
=001  16729
=005  20250120120036.0
=008  120712s1997\\\\\\\\\\\\\\\\\\\\\\0\e
=020  \\$a9780192853837
=041  \\$aeng
=100  \\$aCuller, Jonathan$4aut$916177
=245  \\$aLiterary theory: A very short introduction
=260  \\$aOxford$bOxford university press$c1997
=250  \\$a2
=300  \\$a149
=520  \\$aWhat is literary theory? Is there a relationship between literature and culture? These are some of questions addressed by Jonathan Culler in this new edition of his highly popular Very Short Introduction. Culler, an extremely lucid commentator and much admired in the field of literary theory, uses easy-to-grasp examples as he outlines the ideas behind schools of criticism that can otherwise be quite daunting, such as deconstruction, semiotics, and postcolonial theory. He explains "theory" not by describing warring "schools" but by sketching key "moves" that theory has encouraged, and by speaking directly about the implications of theory for thinking about literature, human identity, and the power of language. 

In this Second Edition, Culler includes much new material, including a discussion of the "death of theory," a look at topics such as trauma theory, ecocriticism, and the link between the theory of narrative and cognitive science, plus a new chapter on "Ethics and Aesthetics." The book also includes updated bibliographies. Shedding light on everything from literature and social identity, to poetry, poetics, and rhetoric, Literary Theory is a welcome guide for all lovers of literature.

About the Series: Combining authority with wit, accessibility, and style, Very Short Introductions offer an introduction to some of life's most interesting topics. Written by experts for the newcomer, they demonstrate the finest contemporary thinking about the central problems and issues in hundreds of key topics, from philosophy to Freud, quantum theory to Islam.
=490  \\$aVery short introductions
=942  \\$cBOO
=952  \\$00$10$2ddc$40$6LIT_CULLE_A$70$8LIT$916753$aORPH$bORPH$cKM12_2_H$d2021-08-30$g6.00$oLIT CULLE a$p20131328$r2021-01-12 00:00:00$w2021-01-12$yBOO
=999  \\$c16729$d16729

