=LDR  00882aam a2200205   4500
=001  16731
=005  20240121204043.0
=008  150324s2007\\\\\\\\\\\\\\\\\\\\\\0\e
=041  \\$aeng
=100  \\$aPolifonia Working Group$4aut$919950
=245  \\$aLiterature study: Preparing young musicians for professional training: What does scientific research tell us?
=260  \\$aLund$bMälmo acadamy of music$c2007
=260  \\$bAEC publications$c2007
=300  \\$a97 pages
=490  \\$aAEC publications
=700  \\$aWerner, Fieke$918434
=942  \\$cBOO$2ddc
=952  \\$00$10$2ddc$40$6MTP_4_000000000000000_POLI$70$8MTP$916755$aORPH$bORPH$cKM12_1$l0$oMTP 4 POLI$p20135513$r2021-01-12 00:00:00$w2021-01-12$yBOO
=952  \\$00$10$2ddc$40$6MTP_4_000000000000000_POLI$70$8MTP$919931$aORPH$bORPH$cKM12_1$d2021-02-25$l0$oMTP 4 POLI$p20135514$r2021-02-25 00:00:00$w2021-02-25$yBOO
=999  \\$c16731$d16731

