=LDR  01952aam a2200229   4500
=001  16732
=005  20250120120239.0
=008  140220s2010\\\\\\\\\\\\\\\\\\\\\\0\ger\d
=020  \\$a9783793096030
=041  \\$ager
=245  \\$aLiteraturwissenschaft:$bEinführing in ein Sprachspiel
=250  \\$a2nd ed.
=260  \\$aFreiburg$bRombach$c2010
=300  \\$a396 pages
=336  \\$aprinted
=520  \\$aDie Literaturwissenschaft, denken wir, dient der Kultur des Lesens und Schreibens, einem traditionellen und vielleicht immer schmaler werdenden Ausschnitt unserer Kultur. Um solch einer Aufgabe, wie wichtig oder unwichtig sie auch sein mag, ernsthaft nachzukommen, muss die Literaturwissenschaft als kulturelle Praxis verstanden und betrieben werden. Sie trägt also ein doppeltes Gesicht. Indem sie Texte, Aussagen und Zeichen untersucht, beschäftigt sie sich mit sprachlichen Handlungen und schriftlichen Leistungen. In dieser Hinsicht, so könnte man sagen, ist sie Denkmalspflege: sie kümmert sich um Werke. Insofern ihre Ergebnisse festgehalten und mitgeteilt werden, führt die Literaturwissenschaft sprachliche Handlungen aus und bringt schriftliche Leistungen hervor. In dieser Hinsicht, könnte man sagen, ist sie Redekunst: sie kümmert sich um den richtigen Ausdruck. Ihre beiden Pole gehören unvermeidlich zusammen. Um etwas Vernünftiges zu tun, muss die Literatur wissenschaft sich als reflektierende Disziplin auf ihr eigenes Tun fortlaufend besinnen. Sie ist eine reflektierende Disziplin.
=650  \0$aLiterature$1http://www.wikidata.org/entity/Q8242$94439
=700  \\$4edt$aBosse, Heinrich$d1937-$1http://www.wikidata.org/entity/Q65088405$918435
=700  \\$4edt$aRenner, Ursula$1http://www.wikidata.org/entity/Q95208150$918436
=942  \\$cBOO
=952  \\$00$10$2ddc$40$6LIT_BOSS_E$70$8LIT$916756$aORPH$bORPH$cKM12_2_H$d2014-02-18$l1$m1$oLIT BOSS e$p20138984$r2022-04-07 00:00:00$s2021-03-12$v17.83$w2021-01-12$yBOO
=999  \\$d16732

