=LDR  01374aam a2200217   4500
=001  16735
=005  20250120120917.0
=008  190621s2003\\\\\\\\\\\\\\\\\\\\\\0\eng
=020  \\$a9780972738507
=041  \\$aeng
=100  \\$4aut$aLerman, Liz$918438
=245  \\$aLiz Lerman's Critical Response Process:$bA Method for Getting Useful Feedback on Anything you Make, from Dance to Dessert
=260  \\$aTakoma Park, MD$bDance Exchange$c2003
=300  \\$a62 pages
=520  \\$a"Liz Lerman's Critical Response Process is a multi-step, group system for giving and receiving useful feedback on creative processes and artistic works-in-progress. This book offers a detailed introduction to the Process, beginning with its three roles and four core steps. "...the best tool we've ever encountered in assisting individual artists at the most vulnerable stages of creation...empowers artists and invests responders with real responsibility as audience members." (James C. Nicola, Artistic Director, New York Theater Workshop)
=650  \0$aArtistic research$1http://www.wikidata.org/entity/Q20827087$921804
=650  \0$aEducation$926206
=700  \\$4aut$aBorstel, John$918439
=942  \\$cBOO
=952  \\$00$10$2ddc$40$6MTP_4_000000000000000_LERM$70$8MTP$916759$aORPH$bORPH$cKM12_1$d2019-06-13$g88.15$l1$oMTP4 LERM$p20118020$r2022-02-07 00:00:00$s2021-03-12$w2021-01-12$yBOO
=999  \\$d16735

