=LDR  02214aam a2200241   4500
=001  16736
=005  20250121142132.0
=008  201007s2015\\\\\\\\\\\\\\\\\\\\\\0\eng
=020  \\$a978250355355
=041  \\$aeng
=100  \\$4edt$aMorabito, Fulvia$eEditor$918440
=245  \\$aLocatelli and the Violin Bravura Tradition
=260  \\$aTurnhout$bBrepols$c2015
=300  \\$a405 pages
=490  \\$aStudies on Italian Music Theory$vIX
=520  \\$aThe present volume investigates the violin bravura tradition in the 18th- and 19th-century Europe. 2014 witnessed the 250th anniversary of the death of two violin virtuosos: Pietro Antonio Locatelli (Bergamo 1695  Amsterdam 1764) and Jean-Marie Leclair (Lyon 1697 - Paris 1764). The influence of Locatellis output on the development of violin composition lay in the sphere of virtuosity. The present book explores the figures of Locatelli and Leclair, circumstantiating their relationships and developing new perspectives onto them. The two virtuosos provide a suitable starting-point from which to investigate the violin bravura tradition, which, beginning in Italy, spread through France and the rest of the nineteenth-century Europe. The volume thus encompasses articles dedicated to Artôt, Baillot, Guignon, Guillemain, Mondonville, Paganini, Pagin, Rode, Spohr, Tessarini, Tartini, Ysaÿe. The authors are: Sallynee Amawat, Fabrizio Ammetto, Alejandra Béjar Bartolo, Paola Besutti, Gregorio Carraro, Étienne Jardin, Walter Kurt Kreyszig, Candida Felici, Priscille Lachat-Sarrete, Simone Laghi, Alessandro Mastropietro, Fulvia Morabito, Paola Palermo, Rudolf Rasch, Renato Ricco, Rohan H. Stewart-MacDonald, Michael Talbot, Guillaume Tardif and Neal Zaslaw.
=600  \0$aLocatelli, Pietro Antonio$d1695-1764$1http://www.wikidata.org/entity/Q702722$912443
=648  \0$a18th Century (1701-1800)$1http://www.wikidata.org/entity/Q7015$920899
=650  \0$aViolinist$1http://www.wikidata.org/entity/Q1259917$93278
=650  \0$aVirtuosity$1http://www.wikidata.org/entity/Q214970$924670
=942  \\$cBOO
=952  \\$00$10$2ddc$40$6BIO_LOCA_E$70$8BIO$916760$aORPH$bORPH$cKTS1_P$d2021-10-19$g76.00$oBIO LOCA e$p20129605$r2021-01-12 00:00:00$w2021-01-12$yBOO
=999  \\$d16736

