=LDR  00632aam a2200181   4500
=001  16739
=005  20250120120304.0
=008  120308s1998\\\\\\\\\\\\\\\\\\\\\\0\n
=020  \\$a9789065540133
=041  \\$adut
=100  \\$4Auteur$aAristoteles$d384-322 BC$1http://www.wikidata.org/entity/Q868$94906
=100  \\$4Translator$aVerhoeven, Cornelis$918441
=245  \\$aLof van de wijsbegeerte
=260  \\$aGroningen$bHistorische Uitgeverij$c1998
=300  \\$a56
=942  \\$cBOO
=952  \\$00$10$2ddc$40$6PHI_ARIS_A$70$8PHI$916763$aORPH$bORPH$cKM12_3_2$d2021-08-06$oPHI ARIS a$p20133218$r2021-01-12 00:00:00$w2021-01-12$yBOO
=999  \\$c16739$d16739

