=LDR  00970aam a2200181   4500
=001  16750
=005  20250109132724.0
=008  120308s1999\\\\\\\\\\\\\\\\\\\\\\0\d
=020  \\$a9783534137039
=041  \\$ager
=100  \\$aNishida, Kitaro$4aut$918449
=245  \\$aLogik des ortes: Der Anfang der modernen Philosophie in Japan
=260  \\$aDarmstadt$bWissenschaftliche Buchgesellschaft$c1999
=300  \\$a310
=520  \\$aKitaro Nishida gilt als der Begründer der modernen japanischen Philosophie. Sein Denken ist von dem Versuch geprägt, unter Einbeziehung ostasiatischer und westlicher Denksansätze einen neuen Anfang der Philosophie mit einer 'Logik des Ortes' zu begründen. Mit diesem Band liegen erstmals drei zentrale Aufsätze Nishidas zur 'Logik des Ortes' in deutscher Sprache vor.
=942  \\$cBOO
=952  \\$00$10$2ddc$40$6PHI_NISH_A$70$8PHI$916774$aORPH$bORPH$cKM12_3_2$d2021-08-10$oPHI NISH a$p20133504$r2021-01-12 00:00:00$w2021-01-12$yBOO
=999  \\$c16750$d16750

