=LDR  00580aam a2200169   4500
=001  16751
=005  20250109132724.0
=008  150519s1930\\\\\\\\\\\\\\\\\\\\\\0\d
=041  \\$ager
=100  \\$aKynast, Reinhard$4aut$918450
=245  \\$aLogik und erkenntnistheorie der gegenwart
=260  \\$aBerlin$bJunker und dünnhaupt Verlag$c1930
=300  \\$a58
=490  \\$aPhilosophische forschungsberichte$vHeft 5
=942  \\$cBOO
=952  \\$00$10$2ddc$40$6PHI_KYNA_A$70$8PHI$916775$aORPH$bORPH$cKM12_3_2$d2021-08-10$oPHI KYNA a$p20133475$r2021-01-12 00:00:00$w2021-01-12$yBOO
=999  \\$c16751$d16751

