=LDR  02277aam a2200181   4500
=001  16758
=005  20250120120117.0
=008  180615s2018\\\\\\\\\\\\\\\\\\\\\\0\n
=020  \\$a9789058566058
=041  \\$an
=100  \\$aRaes, Godfried-Willem$d1952-$4aut$917612
=245  \\$aLogos @50: het kloppend hart van de avant-gardemuziek in Vlaanderen
=260  \\$aOostkamp$bStichting Kunstboek$c2018
=300  \\$a224
=520  \\$aLogos@50 biedt een authentieke kijk op de geschiedenis van experimentele avant-gardemuziek in Vlaanderen vanuit zijn belangrijkste productiecentrum Stichting Logos en bij monde van oprichter en bezieler Godfried-Willem Raes. In een bijzondere combinatie van autobiografie en geschiedschrijving levert de auteur een unieke bron van informatie over vijftig jaar progressief muziekleven, vanuit Gent reikend tot de verste uithoeken van onze planeet. Godfried-Willem Raes gaat daarbij de controverse niet uit de weg, maar onderbouwt zijn dwarse tegendraadsheid met sterke argumenten. De lezer hoeft zijn mening niet te delen maar de scherpte waarmee hier een visie wordt uitgelicht, dwingt respect af. Zijn vlotte schrijfstijl maakt het boek tot uiterst aangename lectuur voor al wie met muziek begaan is.
Godfried-Willem Raes (1952) geniet wereldwijde bekendheid als muziekmaker in de breedste zin van het woord. Tot 2014 was hij hoofddocent compositie en akoestiek aan het Gentse conservatorium, momenteel is hij postdoctoraal onderzoeker aan UGent. Zijn onderzoek behelst de uitbreiding van de expressieve mogelijkheden van muzikale speeltuigen en hun menselijke interfaces. Hij is bouwer en ontwerper van wat als het grootste robot-orkest ter wereld geldt en uitvinder van een volkomen draadloos systeem voor de herkenning van menselijke expressieve gestiek, zijn onzichtbaar instrument. Dit was ook het onderwerp van zijn doctoraatsthesis. Op dit ogenblik werkt hij verder aan de bouw en ontwikkeling van automatische instrumenten, met speelmogelijkheden die het menselijke ver overschrijden. Hij werd bekroond met de Louis Paul Boon-prijs (1982) en met de Tech-Art-prijs (1990).
=942  \\$cBOO
=952  \\$00$10$2ddc$40$6BIO_RAES_A$70$8BIO$916782$aORPH$bORPH$cKTS1_P$d2021-10-19$oBIO RAES a$p20130718$r2021-01-12 00:00:00$w2021-01-12$yBOO
=999  \\$c16758$d16758

