=LDR  00811aam a2200181   4500
=001  16764
=005  20250120120101.0
=008  120309s1994\\\\\\\\\\\\\\\\\\\\\\0\f
=020  \\$a9782080813695
=041  \\$afre
=100  \\$aPrigogine, Ilya$4aut$917124
=245  \\$aLes lois dus chaos
=260  \\$aFrance$bFlammarion$c1994
=300  \\$a125
=520  \\$aDans la perspective classique, une loi de la nature était associée à une description déterministe et réversible dans le temps. L'introduction du chaos force à généraliser la notion de loi de la nature et à y introduire les concepts de probabilité et d'irréversibilité.



=942  \\$cBOO
=952  \\$00$10$2ddc$40$6PHI_PRIG_A$70$8PHI$916788$aORPH$bORPH$cKM12_3_2$d2021-08-04$oPHI PRIG a$p20133029$r2021-01-12 00:00:00$w2021-01-12$yBOO
=999  \\$c16764$d16764

