=LDR  01128aam a2200217   4500
=001  16765
=005  20251031164436.0
=008  200629s1950\\\\\\\\\\\\\\\\\\\\\\0\eng\d
=041  \\$aeng
=100  \\$aRiesman, David$4aut$918459
=245  \\$aThe Lonely Crowd:$bA Study of the Changing American Character
=260  \\$aNew Haven$bYale University Press$c1950
=300  \\$axvii-386 pages
=490  \\$aStudies in National Policy$v3
=520  \\$aThe Lonely Crowd is a 1950 sociological analysis by David Riesman, Nathan Glazer, and Reuel Denney. Together with White Collar: The American Middle Classes (1951), written by Riesman's friend and colleague, C. Wright Mills, it is considered a landmark study of American character.
=648  \0$a20th Century (1901-2000)$1http://www.wikidata.org/entity/Q6927$920936
=650  \0$aSocial science$1http://www.wikidata.org/entity/Q34749$93803
=651  \0$aUSA$1http://www.wikidata.org/entity/Q30$943
=942  \\$cBOO
=952  \\$00$10$2ddc$40$6TOP_US_7_000000000000000$70$8TOP$916789$aORPH$bORPH$cKTS0$d2020-04-27$g22.96$l0$oTOP US 7$p20134891$r2021-01-12 00:00:00$w2021-01-12$yBOO
=999  \\$d16765

