=LDR  00980acm a2200241   4500
=001  16781
=005  20250120120407.0
=008  160724s\\\\\\\\\\\\\k\\\\\\\\\\\\0\fre\d
=041  \\$afre$hita
=059  \\$av pf
=100  \\$4cmp$aDonizetti, Gaetano$d1797-1848$1http://www.wikidata.org/entity/Q101698$96715
=245  \\$aLucie de Lammermoor
=260  \\$aParis$bGrus$cs.d.
=300  \\$a211 pages
=590  \\$aPartition piano et chant
=648  \0$a19th Century (1801-1900)$1http://www.wikidata.org/entity/Q6955$920935
=650  \0$aOpera$1http://www.wikidata.org/entity/Q1344$92468
=651  \0$aParis (France)$1http://www.wikidata.org/entity/Q90$9160
=700  \\$4lbt$aRoyer, Alphonse$d1803-1875$1http://www.wikidata.org/entity/Q2839965$96064
=700  \\$4lbt$aVaëz, Gustave$96065
=942  \\$cSCO
=952  \\$00$10$2ddc$40$6KTS_1_000000000000000_H_03_046$70$8RAR$916805$aORPH$bORPH$cKTS1_H$d2022-03-14$oKTS1 H.03.046$p20146566$r2021-01-12 00:00:00$w2021-01-12$ySCO
=999  \\$d16781

