=LDR  00664aam a2200181   4500
=001  16795
=005  20251003085500.0
=008  130521s2002\\\\\\\\\\\\\\\\\\\\\\0\mul\d
=041  \\$aita$aeng
=100  \\$aG. Ricordi e Compagnia$4aut$918480
=245  \\$aLuigi Nono:$bCatalogo delle opere
=260  \\$aMilan$bRicordi$c2002
=300  \\$a16 pages
=600  \0$aNono, Luigi$d1924-1990$1http://www.wikidata.org/entity/Q160451$917010
=650  \0$aCatalogue$1http://www.wikidata.org/entity/Q2352616$921484
=942  \\$cBOO
=952  \\$00$10$2ddc$40$6BIO_NONO_C$70$8BIO$916819$aORPH$bORPH$cKTS1_P$d2021-10-19$oBIO NONO c$p20130485$r2021-01-12 00:00:00$w2021-01-12$yBOO
=999  \\$d16795

