=LDR  01370aam a2200181   4500
=001  16797
=005  20251009081721.0
=008  111025s2003\\\\\\\\\\\\\\\\\\\\\\0\d
=020  \\$a3897272407
=041  \\$ager
=100  \\$4edt$aWagner, Andreas$918485
=245  \\$aLuigi Nono : Dokumente - Materialien
=260  \\$aSaarbrücken$bPFAU$c2003
=300  \\$a192
=520  \\$aHerausgegeben von Andreas Wagner im Auftrag von Netzwerk Musik Saar. Wie kaum ein zweiter Komponist nach 1945 steht Luigi Nono (1924-1990) für eine Verbindung von musikalischer Avantgarde und gesellschaftspolitischem Engagement. Nono selbst tritt dem Leser auf unterschiedliche Weise in mehreren Erstveröffentlichungen gegenüber. Als Interviewpartner von Enzo Restagno hat er 1987 die wohl ausführlichsten autobiographischen Äußerungen gemacht, wobei er auf eindringliche Weise seine Entwicklung als Komponist und politisch engagierter Künstler darstellte. Dieser Text liegt hier erstmals in deutscher Sprache vor. Ein bislang unpubliziertes Uraufführungsgespräch zu Nonos Streichquartett "Fragmente - Stille, An Diotima" ermöglicht einen ganz unverstellten Blick auf das bei weitem am stärksten rezipierte Werk Nonos.
=942  \\$cBOO
=952  \\$00$10$2ddc$40$6BIO_NONO_A$70$8BIO$916821$aORPH$bORPH$cKTS1_P$d2021-10-19$oBIO NONO a$p20129919$r2021-01-12 00:00:00$w2021-01-12$yBOO
=999  \\$c16797$d16797

