=LDR  06179aam a2200241   4500
=001  16798
=005  20250925143304.0
=008  140305s2009\\\\\\\\\\\\\\\\\\\\\\0\spa
=020  \\$a9788496620360
=041  \\$aspa
=100  \\$aRaposo Martín, Juan José$4aut$918486
=245  \\$aLuigi Nono:$bEpitafios lorquianos. Estudio musicologico y analitico
=260  \\$aHuelva$bHergué$c2009
=300  \\$a301 pages
=520  \\$aEn un país en el que la musicología se encuentra en un estado de desconsolador abandono, que afecta especialmente al ámbito de la música del siglo XX, la edición de un estudio analítico siempre debería suponer al menos la mención en publicaciones especializadas. Por eso, aunque el libro que presentamos vió la luz en la editorial Hergué hace casi un año (lo que en estos tiempos de vorágine editorial podría suponer ya su injusta retirada del estante de las grandes librerías), nos parece necesario detenernos en él, al menos durante unos párrafos.
El estudio musicológico que nos propone Juan José Raposo Martín (Huelva, 1975) tiene interés no sólo por ser rareza en el mundo de las publicaciones, sino porque aborda la obra de Luigi Nono, un autor considerado de culto desde hace ya al menos una década, y -lo que es realmente importante- como una de las figuras de más relieve del siglo XX. Pero además, a nuestro entender, la obra de Raposo Martín es una propuesta valiente y muy coherente, desde el momento en que centra su estudio en los Epitaffi lorquianos, estableciendo un justificado y lógico vínculo con nuestro país, y recordándonos la escasa antención que todavía muestran los programadores españoles por la obra del veneciano, incluso en aquellas composiciones que están unidas -de una u otra manera- a nuestro país. A lo que se añade -en palabras del autor en la introducción- [...] los escasos libros que existen en castellano, encontrándome mayormente su figura musical en libros escritos por autores extranjeros traducidos al castellano. Y es que este vínculo de Nono con España es extenso y profundo. A su compromiso político -en el que la tragedia de la Guerra Civil de 1936 supone una importante referencia simbólica (recordemos La victoire de Guernika o el No pasarán de Intolleranza 1960)- hay que unir composiciones clave de su catálogo, tanto las que toman textos de Lorca, el más emblemático poeta del 27 (los Epitaffi o Der rote mantel), como a Antonio Machado (Canciones para Guiomar o el Hay que caminar&) o el poema de Jesús López Pacheco que aparece en los Canti de vita e damore.
Tomando este punto de partida, Juan José Raposo comienza su estudio dedicando todo un primer capítulo a la evolución que lleva a Nono hasta los Epitaffi, tratando su primera biografía (el taller veneciano de Maderna, su relación con Hermann Scherchen, Darmstadt&), así como su compromiso político, tanto en un análisis más general, como en lo relativo a cómo la obra de Lorca impactó desde esta perspectiva en el compositor italiano. Y aquí Raposo se detiene en un aspecto que es esencial para entender estas obras de Nono, y que no siempre se destaca lo suficiente, a pesar de constituir una cuestión esencial: el uso peculiar de las danzas folclóricas españolas, en especial las andaluzas.
Los capítulos dos, tres y cuatro están dedicados -respectivamente- a las tres composiciones convocadas a estudio (I. Epitaffio N1 España en el corazón, II. Epitaffio N 2 y su sangre viene cantando, III. Epitaffio N 3 Romance de la Guardia Civil). Obviamente, no vamos a detenernos en una crítica de su contenido (no es el lugar ni el momento para ello), pero sí podemos decir que nos ha parecido un estudio coherente y exhaustivo. El detalle en el análisis, con abundante aparato gráfico, permite profundizar en los interiores estructurales de la obra de Nono, sin que se pierda definitivamente el hilo de su poética (algo que suele ocurrir cuando se trata de aplicar el microscopio formal para observar pormenorizadamente los interiores de la composición). El libro finaliza con un capítulo más breve dedicado a la observación de cómo en los Epitaffi se detectan procedimientos esenciales para el desarrollo de obras posteriores del compositor.
Pero no podemos terminar esta crítica sin mencionar un aspecto que no nos ha parecido tan positivo y que pensamos que pone una mancha a la publicación, aunque en absoluto anula sus virtudes. Se trata de las numerosas erratas y errores gramaticales en el texto, que llevan a pensar en una escasa corrección de las galeradas. Insistimos en que el valor del texto sigue estando por encima de esta cuestión, pero creemos importante observarla, más en un tiempo en el que la escritura se cuida tan poco y resulta tan frecuente en diferentes contextos el uso descuidado de la lengua. [Sobre este párrafo, véase NOTA IMPORTANTE al pie]
Al margen de este punto, recomendamos la lectura de esta obra, que sin duda va a contribuir a enriquecer el panorama analítico dedicado a Luigi Nono y -desde luego- en lo referido a su relación con nuestro país, intensa y prolífica.
NOTA IMPORTANTE:
Su autor nos ha comunicado recientemente que los errores a los que nos referíamos se debieron a un problema informático en el proceso de edición, y que se retiraron la casi totalidad de los ejemplares distribuidos (la mala suerte quiso que el ejemplar sobre el que hicimos la crítica estuviera entre los pocos que se llegaron a distribuir). Actualmente la editorial Hergué ha reeditado el libro con las oportunas correcciones. Estos nuevos ejemplares están en venta desde finales de septiembre de 2009.
=648  \0$a20th Century (1901-2000)$1http://www.wikidata.org/entity/Q6927$920936
=650  \0$aComposer$1http://www.wikidata.org/entity/Q36834$93625
=650  \0$aAvant-garde$1http://www.wikidata.org/entity/Q102932$921178
=650  \0$aSocialism$1http://www.wikidata.org/entity/Q7272$94635
=651  \0$aItaly$1http://www.wikidata.org/entity/Q38$922
=942  \\$cBOO
=952  \\$00$10$2ddc$40$6BIO_NONO_E$70$8BIO$916822$aORPH$bORPH$cKTS1_P$d2022-03-23$g27.00$oBIO NONO e$p20129878$r2021-01-12 00:00:00$w2021-01-12$yBOO
=999  \\$d16798

