=LDR  00909acm a2200229   4500
=001  16814
=005  20250120120150.0
=008  180323s1967\\\\\\\\\\\\\\\\\\\\\\0\eng
=041  \\$aeng$dfrm
=100  \\$4cmp$aHalle, Adam de la$d1237/40-1286/88$1http://www.wikidata.org/entity/Q4214$911369
=245  \\$aThe Lyric Works of Adam de la Hale
=246  \1$aThe Lyric Works of Adam de la Halle
=250  \\$a1st ed.
=260  \\$as.l.$bAmerican Institute of Musicology$c1967
=300  \\$a82 pages
=490  \\$aCorpus Mensurabilis Musicæ$v44
=648  \0$aMiddle Ages (500-1400)$1http://www.wikidata.org/entity/Q12554$920964
=650  \0$aVocal music$1http://www.wikidata.org/entity/Q685884$93319
=700  \\$4edt$aWilkins, Nigel$918502
=942  \\$cSCO
=952  \\$00$10$2ddc$40$6SCO_HALL$70$8SCO$916838$aORPH$bORPH$cKTS1_P$d2022-08-31$g52.00$l0$oSCO HALL$p20117344$r2021-01-12 00:00:00$w2021-01-12$ySCO
=999  \\$d16814

