=LDR  00553aam a2200157   4500
=001  16821
=005  20250109132725.0
=008  150331s1968\\\\\\\\\\\\\\\\\\\\\\0\e
=041  \\$aeng
=100  \\$aHultén , K.G. Pontus$4aut$918511
=245  \\$aThe machine: As seen at the end of the mechanical age
=260  \\$aNew York$bThe museum of Modern Art$c1968
=300  \\$a216
=942  \\$cBOO
=952  \\$00$10$2ddc$40$6VIS_HULT$70$8VIS$916845$aORPH$bORPH$cKTS1_H$d2022-09-20$g8.00$l0$oVIS HULT$p20115192$r2021-01-12 00:00:00$w2021-01-12$yBOO$Vamazon.com
=999  \\$c16821$d16821

