=LDR  00758aam a2200181   4500
=001  16825
=005  20250120120014.0
=008  130821s2001\\\\\\\\\\\\\\\\\\\\\\0\e
=020  \\$a9780415253857
=041  \\$ae
=100  \\$aFoucault, Michel$d1926-1984$4aut$1http://www.wikidata.org/entity/Q44272$915787
=245  \\$aMadness and civilization: A history of insanity in the age of reason
=260  \\$aLondon$bRoutledge$c2001
=300  \\$a282
=520  \\$aPerhaps the French philosopher's masterpiece, which is concerned with an extraordinary question: What does it mean to be mad?
=942  \\$cBOO
=952  \\$00$10$2ddc$40$6PHI_FOUC_A$70$8PHI$916849$aORPH$bORPH$cKM12_3_2$d2021-08-09$g16.00$oPHI FOUC a$p20130539$r2021-01-12 00:00:00$w2021-01-12$yBOO
=999  \\$c16825$d16825

