=LDR  02631aam a2200289   4500
=001  16826
=005  20251001162234.0
=008  160127s2013\\\\\\\\\\\\\\\\\\\\\\0\eng
=020  \\$a9780821420935
=041  \\$aeng
=100  \\$aBuci-Glucksmann, Christine$4aut$916341
=245  \\$aThe Madness of Vision:$bOn Baroque Aesthetics
=260  \\$aAthens, OH$bOhio University Press$c2013
=300  \\$a172 pages
=490  \\$aSeries in Continental Thought
=520  \\$aChristine Buci-Glucksmann's The Madness of Vision is one of the most influential studies in phenomenological aesthetics of the baroque. Integrating the work of Merleau-Ponty with Lacanian psychoanalysis, Renaissance studies in optics, and twentieth-century mathematics, the author asserts the materiality of the body and world in her aesthetic theory. All vision is embodied vision, with the body and the emotions continually at play on the visual field. Thus vision, once considered a clear, uniform, and totalizing way of understanding the material world, actually dazzles and distorts the perception of reality. In each of the nine essays that form The Madness of Vision Buci-Glucksmann develops her theoretical argument via a study of a major painting, sculpture, or influential visual image-Arabic script, Bettini's "The Eye of Cardinal Colonna," Bernini's Saint Teresa and his 1661 fireworks display to celebrate the birth of the French dauphin, Caravaggio's Judith Beheading Holofernes, the Paris arcades, and Arnulf Rainer's selfportrait, among others-and deftly crosses historical, national, and artistic boundaries to address Gracian's El Criticon; Monteverdi's opera Orfeo; the poetry of Hafiz, John Donne, and Baudelaire; as well as baroque architecture and Anselm Kiefer's Holocaust paintings. In doing so, Buci-Glucksmann makes the case for the pervasive influence of the baroque throughout history and the continuing importance of the baroque in contemporary arts.
=534  \\$cParis: Galilée, 1986
=648  \0$a17th Century (1601-1700)$1http://www.wikidata.org/entity/Q7016$920923
=650  \0$aBaroque$1http://www.wikidata.org/entity/Q37853$921255
=650  \0$aAesthetics$1http://www.wikidata.org/entity/Q35986$921494
=650  \0$aFine art$1http://www.wikidata.org/entity/Q219625$921579
=651  \0$aEurope$1http://www.wikidata.org/entity/Q46$991
=700  \\$aBaker, Dorothy Z.$4trl$941481
=765  \\$aLa Folie du voir : de l'esthétique baroque
=942  \\$cBOO
=952  \\$00$10$2ddc$40$6VIS_BUCI$70$8PHI$916850$aORPH$bORPH$cKTS1_H$d2016-01-26$g26.16$l1$oVIS BUCI$p20132754$r2021-02-04 00:00:00$s2021-01-29$w2021-01-12$yBOO
=999  \\$d16826

