=LDR  00984aam a2200205   4500
=001  16827
=005  20250120120405.0
=008  190115s1958\\\\\\\\\\\\\\\\\\\\\\0\dut
=041  \\$adut
=100  \\$aNuten, P.$4aut$917311
=245  \\$aDe "madrigali spirituali" van Filip de Monte (1521-1603):$bde kultuur-historische en stijlkritische studie
=260  \\$aBrussels$bPaleis der Academiën$c1958
=300  \\$a371 pages
=600  \0$aMonte, Philippe de$d1521-1603$1http://www.wikidata.org/entity/Q277029$96645
=648  \0$a16th Century (1501-1600)$1http://www.wikidata.org/entity/Q7017$920944
=650  \0$aMadrigal$1http://www.wikidata.org/entity/Q193217$921649
=942  \\$cBOO
=952  \\$00$10$2ddc$40$6BIO_MONT1_E$70$8BIO$916851$aORPH$bORPH$cKTS1_P$d2021-10-19$oBIO MONT1 e$p20130025$r2021-01-12 00:00:00$w2021-01-12$yBOO
=952  \\$00$10$2ddc$40$6BIO_MONT1_E$70$8BIO$916852$aORPH$bORPH$cKTS1_P$d2021-10-19$oBIO MONT1 e$p20130024$r2021-01-12 00:00:00$w2021-01-12$yBOO
=999  \\$c16827$d16827

