=LDR  00614aam a2200193   4500
=001  16828
=005  20250109132725.0
=008  120127s2008\\\\\\\\\\\\\\\\\\\\\\0\p
=041  \\$ap
=041  \\$af
=041  \\$ad
=100  \\$aNunes, Emmanuel$d1941-2012$4aut$1http://www.wikidata.org/entity/Q965853$918516
=245  \\$aDas Märchen
=260  \\$aLissabon$bTeatro Nacional de São Carlos$c2008
=300  \\$a252
=546  \\$aP / F / D
=942  \\$cBOO
=952  \\$00$10$2ddc$40$6LIT_NUNE_A$70$8LIT$916853$aORPH$bORPH$cKM12_2_H$d2021-08-30$g7.00$oLIT NUNE a$p20131315$r2021-01-12 00:00:00$w2021-01-12$yBOO
=999  \\$c16828$d16828

