=LDR  03158aam a2200289   4500
=001  16829
=005  20250120120518.0
=008  170106s2017\\\\\\\\\\\\\\\\\\\\\\0\mul
=020  \\$a9783826061318
=041  \\$ager$aeng
=245  \\$aMaestro!$bDirigieren im 19. Jahrhundert
=260  \\$aWürzburg$bKönigshausen & Neumann$c2017
=300  \\$a232 pages
=505  \\$aVorwort -- A. Jacobshagen: Positionen des Dirigierens. Zur Einführung -- M. Fischer-Dieskau: Violindirektor versus Klavierkapellmeister - die italienische Situation des Ottocento -- C. Bahr: Zum Berufsfeld des Hofkapellmeisters am Beispiel von Johann Nepomuk Hummel in Weimar (1819- 1837) -- D. Gutknecht: Ferdinand Simon Gassners Dirigent und Ripienist (1844) als Lehrbuch für Kunstjünger und Kunstfreunde -- F. Kolb: Das Orchester als Klangraum. Hector Berlioz Le Chef d'orchestre und seine Überlegungen zu Raumakustik und Orchesteraufstellung -- N. Simeone: Conductors at the Philharmonic Society in London during the 19th Century -- A. Di Profio: Verdi, direttore d'orchestra. L'epistolario come esposizione di una poetica -- A. Rostagno: Conducting style in the New Italy: From Boito to Toscanini -- J. Caskel: Antizipation und Animation des Klangs. Zur Geschichte und Bewertung allzu theatralischer Gesten des Dirigenten -- A. Kreutziger-Herr: Aspekte einer Kultur- und Ideengeschichte des Dirigierens
=520  \\$aDer moderne Dirigent ist ein Produkt des 19. Jahrhunderts: In dieser Epoche vollzog sich innerhalb unterschiedlicher nationaler, regionaler und lokaler Aufführungstraditionen die Entstehung einer neuen Profession, die sogleich ins Zentrum des öffentlichen Musiklebens rückte. Die Beiträge des vorliegenden Bandes gehen diesen Entwicklungen aus unterschiedlichen Perspektiven nach. Dabei stehen u.a. die Theorie und Terminologie der Orchesterleitung, die Vorläufer des modernen Dirigenten wie Violindirektor oder Klavierkapellmeister, das Berufsfeld des Hofkapellmeisters, die Bewertung der Gesten des Dirigenten sowie Aspekte einer Kultur- und Ideengeschichte des Dirigierens im Zentrum des Interesses. Exemplarisch werden einzelne prominente "Maestri" von Johann Nepomuk Hummel über Hector Berlioz und Giuseppe Verdi bis hin zu Arturo Toscanini in den Blick genommen.
=600  \0$aHummel, Johann Nepomuk$d1778-1837$1http://www.wikidata.org/entity/Q151953$911746
=600  \0$aBerlioz, Hector$d1803-1869$1http://www.wikidata.org/entity/Q1151$99542
=600  \0$aVerdi, Giuseppe$d1813-1901$1http://www.wikidata.org/entity/Q7317$922711
=600  \0$aBoito, Arrigo$d1842-1918$1http://www.wikidata.org/entity/Q219491$918650
=600  \0$aToscanini, Arturo$d1867-1957$1http://www.wikidata.org/entity/Q13003$922712
=648  \0$a19th Century (1801-1900)$1http://www.wikidata.org/entity/Q6955$920935
=650  \0$aConducting$1http://www.wikidata.org/entity/Q6989196$92392
=700  \\$4edt$aDi Profio, Alessandro$918517
=700  \\$4edt$aJacobshagen, Arnold$918518
=942  \\$cBOO
=952  \\$00$10$2ddc$40$6MTP_2_000000000000000_DIPR$70$8MTP$916854$aORPH$bORPH$cKM12_1$d2021-11-04$g37.00$oMTP2 DIPR$p20126006$r2021-01-12 00:00:00$w2021-01-12$yBOO
=999  \\$d16829

