=LDR  00841aam a2200181   4500
=001  16832
=005  20230123103503.0
=008  170606s2016\\\\\\\\\\\\\\\\\\\\\\0\eng
=020  \\$a9789082626407
=041  \\$aeng
=100  \\$aErnst, Sophie$4aut$917862
=245  \\$aThe magic of projection: augmentation and immersion in media art
=260  \\$aLeiden$bUniversiteit Leiden$c2016
=300  \\$a189 pages
=520  \\$aProefschrift ter verkrijging van de graad van Doctor aan de Universiteit Leiden, op gezag van Rector Magnificus prof. mr. C.J.J.M. Stolker volgens besluit van het College voor promoties ter verdedigen op donderdag 8 december 2016 klokke 13.15 uur
=942  \\$cDIS
=952  \\$00$10$2ddc$40$6MTP_5_000000000000000_ERNS$70$8MTP$916857$aORPH$bORPH$cKM12_1$d2021-08-31$oMTP5 ERNS$p20134079$r2021-01-12 00:00:00$w2021-01-12$yDIS
=999  \\$d16832

