=LDR  01322aam a2200217   4500
=001  16841
=005  20251003125630.0
=008  120301s2005\\\\fr\a\\\\\\\\\\\\\\0\fre\d
=020  \\$a9782747585316
=041  \\$afre
=100  \\$aBeaupain, René$4aut$918526
=245  \\$aLa maison Erard. Manufacture de pianos 1780-1959
=260  \\$aParis$bL'Harmattan$c2005
=300  \\$a283 pages
=520  \\$aErard! Nom glorieux et célèbre, jadis: aujourd'hui bien oublié. Pourtant, cette grande marque de pianos a régné en maître sur le monde musical pendant une grande partie du 19? siècle. Elle a défendu mordicus la "technologie classique" où les cordes sont parallèles l'une à l'autre dans le piano, position naturelle depuis ses débuts vers 1700jusqu'à la deuxième moitié du 19? siècle. Après La chronologie des pianos de la maison Pleyel, voici celle des pianos Erard.
=610  \0$1http://www.wikidata.org/entity/Q16008846$aÉrard (Paris, France)$921249
=648  \0$1http://www.wikidata.org/entity/Q6955$a19th Century (1801-1900)$920935
=650  \0$1http://www.wikidata.org/entity/Q5994$aPiano$92127
=942  \\$cBOO
=952  \\$00$10$2ddc$40$6INS_3_000000000000000_3B_ERAR$70$8INS$916866$aORPH$bORPH$cKTS0$d2023-10-03$g23.00$l0$oINS3.3b ERAR$p20130160$r2021-01-12 00:00:00$w2021-01-12$yBOO$Vamazon.fr
=999  \\$d16841

