=LDR  01002aam a2200217   4500
=001  16844
=005  20250120120416.0
=008  180919s\\\\\\\\\\\\\\\\\\\\\\\\\\0\fre
=041  \\$afre$hger
=100  \\$4aut$aWagner, Richard$d1813-1883$1http://www.wikidata.org/entity/Q1511$97120
=245  \\$aLes maîtres chanteurs de Nuremberg (Die Meistersinger von Nürnberg.)$bOpéra en trois actes
=300  \\$a34 pages
=500  \\$aUnknown translator
=534  \\$aPremiered in Munich, 1868
=590  \\$apar Richard Wagner (né à Leipzig le 22 Mai 1813, mort à Venise le 13 février 1883)
=648  \0$a19th Century (1801-1900)$1http://www.wikidata.org/entity/Q6955$920935
=650  \0$aOpera$1http://www.wikidata.org/entity/Q1344$92468
=650  \0$aLibretto$1http://www.wikidata.org/entity/Q131084$94031
=942  \\$cBOO
=952  \\$00$10$2ddc$40$6KTS_1_000000000000000_C3_15_17$70$8RAR$916869$aORPH$bORPH$cKTS1_C3$d2021-09-08$oKTS1 C3.15 (17)$p20136414$r2021-01-12 00:00:00$w2021-01-12$yBOO
=999  \\$c16844$d16844

