=LDR  01605aam a2200217   4500
=001  16851
=005  20230123103642.0
=008  110829s2006\\\\\\\\\\\\\\\\\\\\\\0\eng
=020  \\$a9780566084904
=041  \\$aeng
=245  \\$aThe management of a student research project
=250  \\$a2
=260  \\$aBurlington$bGower$c2006
=300  \\$a261 pages
=520  \\$aThe ability to carry out research successfully has come to be seen as a "key transferable skill" required of all higher education students - and this book addresses directly the skill element of this. Furthermore the research process, at all levels, is far more systematized than in the past. The single largest change since the second edition came out in 1996 has been the impact of the World Wide Web on student research. This new edition has been thoroughly rewritten and developed in response to this. In particular, Chapter 4, "Literature Searching", is completely new and has been structured around a sample online search. Throughout, the comments and thoughts of readers of previous editions have been taken into account in framing this third edition. Its aims remain the same - to provide a clear, comprehensive and useful guide to students undertaking research projects in order to improve their chances of a successful outcome.

=700  \\$4aut$aSharp, John A.$918532
=700  \\$4aut$aPeters, John$918533
=700  \\$4aut$aHoward, Keith$918534
=942  \\$cBOO
=952  \\$00$10$2ddc$40$6REF_2_000000000000000_SHAR$70$8REF$916876$aORPH$bORPH$cKM12_1$d2021-08-24$oREF2 SHAR$p20131190$r2021-01-12 00:00:00$w2021-01-12$yBOO
=999  \\$d16851

