=LDR  00782aam a2200181   4500
=001  16852
=005  20251009081721.0
=008  150310s1970\\\\\\\\\\\\\\\\\\\\\\0\e
=020  \\$a44005285095
=041  \\$aeng
=100  \\$4edt$aVerene, Donald P.$918535
=245  \\$aMan and culture: A philosophical anthology
=260  \\$aNew York$bLaurel, Dell publishing$c1970
=300  \\$a370
=520  \\$aExplores the general outlines of the philosophy of culture by drawing together works by thinkers who either regard themselves as philosophers of culture or who would readily be so-called by other philosophers.
=942  \\$cBOO
=952  \\$00$10$2ddc$40$6PHI_VERE_A$70$8PHI$916877$aORPH$bORPH$cKM12_3_2$d2021-08-06$g8.00$oPHI VERE a$p20133199$r2021-01-12 00:00:00$w2021-01-12$yBOO
=999  \\$c16852$d16852

