=LDR  00863aam a2200229   4500
=001  16854
=005  20250109133341.0
=008  190625s1962\\\\\\\\\\\\\\\\\\\\\\0\eng
=020  \\$a21466581X
=041  \\$aeng
=245  \\$aLate Renaissance and Baroque Music
=260  \\$aLondon$bBarrie and Rockliff$c1962
=300  \\$a352 pages
=490  \\$aMan & his music$v2
=648  \0$aRenaissance (1400-1600)$1http://www.wikidata.org/entity/Q4692$920965
=648  \0$a17th Century (1601-1700)$1http://www.wikidata.org/entity/Q7016$920923
=650  \0$aMusic history$1http://www.wikidata.org/entity/Q846047$921373
=700  \\$4edt$aHarman, Alec$918536
=700  \\$4edt$aMilner, Anthony$918537
=942  \\$cBOO
=952  \\$00$10$2ddc$40$6GHM_4_000000000000000$70$8GHM$916879$aORPH$bORPH$cKM12_1$d2022-09-08$l0$oGHM4$p20130755$r2021-01-12 00:00:00$w2021-01-12$yBOO
=999  \\$d16854

