=LDR  02801aam a2200205   4500
=001  16860
=005  20250210133331.0
=008  150910s2001\\\\\\\\\\\\\\\\\\\\\\0\eng
=020  \\$a9780252070334
=041  \\$aeng
=100  \\$aCaillois, Roger$4aut$918541
=245  \\$aMan, Play and Games
=260  \\$aChicago, IL$bUniversity of Illinois Press$c2001
=300  \\$a208 pages
=520  \\$aAccording to Roger Caillois, play is "an occasion of pure waste: waste of time, energy, ingenuity, skill, and often of money." In spite of this--or because of it--play constitutes an essential element of human social and spiritual development.

In this classic study, Caillois defines play as a free and voluntary activity that occurs in a pure space, isolated and protected from the rest of life. Play is uncertain, since the outcome may not be foreseen, and it is governed by rules that provide a level playing field for all participants. In its most basic form, play consists of finding a response to the opponent's action--or to the play situation--that is free within the limits set by the rules.

Caillois qualifies types of games-- according to whether competition, chance, simulation, or vertigo (being physically out of control) is dominant--and ways of playing, ranging from the unrestricted improvisation characteristic of children's play to the disciplined pursuit of solutions to gratuitously difficult puzzles. Caillois also examines the means by which games become part of daily life and ultimately contribute to various cultures their most characteristic customs and institutions.

Presented here in Meyer Barash's superb English translation, Man, Play and Games is a companion volume to Caillois's Man and the Sacred.

"Well worth the attention of every sociologist interested in the relationship of culture to play."--American Sociological Review 

"A book to be read for ideas."--American Journal of Sociology 

"An excellently conceived work."--Social Forces

Roger Caillois (1913-78), a French philosopher and writer, was a cofounder of France's pathbreaking Collège de Sociologie pour l'Étude du Sacré and the founding editor of Diogenes, the journal of the International Council for Philosophy and Humanistic Studies. His books included works of anthropology, sociology, psychoanalysis, art, and literary criticism. Meyer Barash, coeditor of Marriage and the Family: A Comparative Analysis of Contemporary Problems, was on the faculty of Hofstra College in New York.
=650  \0$aPhilosophy$1http://www.wikidata.org/entity/Q5891$92357
=650  \0$aGame$1http://www.wikidata.org/entity/Q11410$923801
=942  \\$cBOO
=952  \\$00$10$2ddc$40$6PHI_CAIL_A$70$8PHI$916885$aORPH$bORPH$cKM12_3_2$d2021-08-03$l1$m2$oPHI CAIL a$p20132920$r2025-05-05 15:58:26$s2025-03-24$w2021-01-12$yBOO
=999  \\$d16860

