=LDR  02076aam a2200193   4500
=001  16863
=005  20250109132725.0
=008  120917s2007\\\\\\\\\\\\\\\\\\\\\\0\eng
=020  \\$a9780226823379
=041  \\$aeng
=100  \\$aTurabian, Kate L.$4aut$918545
=245  \\$aA Manual for Writers of Research Papers, Theses, and Dissertations:$bChicago Style for Students and Researchers
=250  \\$a7th ed.
=260  \\$aChicago$bUniversity of Chicago Press$c2007
=300  \\$a465 pages
=520  \\$aDewey, Bellow, Strauss, Friedman--the University of Chicago has been the home of some of the most important thinkers of the modern age. But perhaps no name has been spoken with more respect than Turabian. 

The dissertation secretary at Chicago for decades, Kate L. Turabian literally wrote the book on the successful completion and submission of the student paper. Her Manual for Writers of Research Papers, Theses, and Dissertations, created from her years of experience with research projects across all fields, has sold more than seven million copies since it was first published in 1937. 

Now, with this seventh edition, "Turabian's Manual" has undergone its most extensive revision, ensuring that it will remain the most valuable handbook for writers at every level--from first-year undergraduates, to dissertation writers apprehensively submitting final manuscripts, to senior scholars who may be old hands at research and writing but less familiar with new media citation styles. Gregory G. Colomb, Joseph M. Williams, and the late Wayne C. Booth--the gifted team behind The Craft of Research--and the University of Chicago Press Editorial Staff combined their wide-ranging expertise to remake this classic resource. They preserve Turabian's clear and practical advice while fully embracing the new modes of research, writing, and source citation brought about by the age of the Internet.
=942  \\$cBOO
=952  \\$00$10$2ddc$40$6REF_2_000000000000000_TURA$70$8REF$916888$aORPH$bORPH$cKM12_1$d2021-08-24$oREF2 TURA$p20131184$r2021-01-12 00:00:00$w2021-01-12$yBOO
=999  \\$d16863

