=LDR  00618aam a2200169   4500
=001  16868
=005  20230123103644.0
=008  170914s2002\\\\\\\\\\\\\\\\\\\\\\0\eng
=041  \\$aeng
=100  \\$aVlcek, Hannah$4aut$918549
=245  \\$aManuscript accidentals in the music of Guillaume de Machaut:$b volume I20131412
=260  \\$aLondon$bKing's College of Music$c2002
=300  \\$a254 pages
=520  \\$aSubmitted for PhD examination 2002
=942  \\$cDIS
=952  \\$00$10$2ddc$40$6MTP_5_000000000000000_VLCE$70$8MTP$916893$aORPH$bORPH$cKM12_1$d2021-08-31$oMTP5 VLCE$p20131412$r2021-01-12 00:00:00$w2021-01-12$yDIS
=999  \\$d16868

