=LDR  01231aam a2200193   4500
=001  16870
=005  20250109132725.0
=008  171123s2012\\\\\\\\\\\\\\\\\\\\\\0\eng
=020  \\$a9789033486005
=041  \\$aeng
=245  \\$aMAP-it: a participatory mapping toolkit
=260  \\$aLeuven/Den Haag$bAcco$c2012
=300  \\$a62 pages
=520  \\$aMAP-it is a tool for participatory cartography and conversation. It is an open and extendible set of stickers that allows a group of people to make their thoughts explicit about a project, idea, ... in the form of a map. The visual character of mapping allows participants from different backgrounds, who may speak different languages, to discuss and create on equal grounds. MAP-it not only encourages to share positive experiences, but also stimulates critique and debate. This publication will provide the reader with an insight in the tool and the broader field of mapping and methods in participatory design.
=700  \\$4edt$aHuybrechts, Liesbeth$918552
=700  \\$4edt$aLaureyssens, Thomas$918553
=942  \\$cBOO
=952  \\$00$10$2ddc$40$6REF_2_000000000000000_HUYB$70$8REF$916895$aORPH$bORPH$cKM12_1$d2021-08-24$oREF2 HUYB$p20131108$r2021-01-12 00:00:00$w2021-01-12$yBOO
=999  \\$d16870

