=LDR  01127aam a2200193   4500
=001  16872
=005  20230123103645.0
=008  121030s2012\\\\\\\\\\\\\\\\\\\\\\0\eng
=041  \\$aeng
=100  \\$aCervino, Alessandro$4aut$918558
=245  \\$aMapping the performer's creative space: An exploration in and through piano playing
=260  \\$aLeuven$bFaculteit Architectuur en Kunsten; Faculteit Letteren; Hogeschool voor Wetenschap en Kunst, Campus Lemmensinstituut$c2012
=300  \\$a128 pages
=520  \\$aProefschrift aangeboden tot het behalen van de graad van Doctor in de Kunsten, KU Leuven 2012
=942  \\$cBOO
=952  \\$00$10$2ddc$3CD : 1$40$6MTP_5_000000000000000_CERV$70$8MTP$916897$aORPH$bORPH$cKM12_1$d2021-08-30$oMTP5 CERV$p20131346$r2021-01-12 00:00:00$w2021-01-12$yDIS
=952  \\$00$10$2ddc$3CD: 1$40$6MTP_5_000000000000000_CERV$70$8MTP$916899$aORPH$bORPH$cKM12_1$d2021-09-02$oMTP5 CERV$p20134100$r2021-01-12 00:00:00$w2021-01-12$yDIS
=952  \\$00$10$2ddc$3CD: 1$40$6MTP_5_000000000000000_CERV$70$8MTP$916900$aORPH$bORPH$cKM12_1$d2021-09-02$oMTP5 CERV$p20131345$r2021-01-12 00:00:00$w2021-01-12$yDIS
=999  \\$d16872

