=LDR  00533aam a2200169   4500
=001  16874
=005  20251009081721.0
=008  120216s2006\\\\\\\\\\\\\\\\\\\\\\0\f
=020  \\$a9782911239526
=041  \\$afre
=100  \\$4edt$aDratwicki, Benoît$917396
=245  \\$aMarin Marais: violiste à l'Opéra (1656-1728)
=260  \\$aParis$bCMBV$c2006
=300  \\$a304
=942  \\$cBOO
=952  \\$00$10$2ddc$40$6BIO_MARA_E$70$8BIO$916902$aORPH$bORPH$cKTS1_P$d2021-10-19$oBIO MARA e$p20129858$r2021-01-12 00:00:00$w2021-01-12$yBOO
=999  \\$c16874$d16874

