=LDR  01237aam a2200169   4500
=001  16879
=005  20250109132725.0
=008  181009s1975\\\\\\\\\\\\\\\\\\\\\\0\f
=041  \\$afre
=100  \\$4Editeur$aGlotz, Samuël$918563
=245  \\$aLa masque dans la tradition Européenne (13 juin - 6 octobre 1975)
=260  \\$aBinche$bMusée internationale du carnaval et du Masque$c1975
=300  \\$a474
=520  \\$aPublié à l'occasion de l'exposition organisée du 13 juin au 6 octobre 1975 au Musée de Binche du Carnaval et du Masque de la ville de Binche, cet ouvrage présente, outre le catalogue de l'exposition, une série de textes de synthèse sur les masques, et les costumes que s'y rattachend, d'une vingtaine de pays tous situés dans une aire européenne élargie. Ces contributions font apparaître nettement les nombreuses similitudes, mais aussi les différences, que caractérisent tout à la fois une typologie des masques, et une typologie des comportements et des personnages carnavalesques, puisqu'il est difficile de dissocier les uns des autres.
=942  \\$cBOO
=952  \\$00$10$2ddc$40$6VIS_GLOT$70$8VIS$916907$aORPH$bORPH$cKTS1_H$d2022-09-19$l0$oVIS GLOT$p20117755$r2021-01-12 00:00:00$w2021-01-12$yBOO
=999  \\$c16879$d16879

