=LDR  01161aam a2200253   4500
=001  16881
=005  20250925143304.0
=008  150702s1932\\\\\\\\\\\\\\\\\\\\\\0\fre
=041  \\$afre
=245  \\$aMassenet : $bsa vie, ses œuvres, suivi d'une étude sur Marc Delmas
=260  \\$aParis$bJeune académie$c1932
=300  \\$a250 pages
=600  \0$aMassenet, Jules$d1842-1912$1http://www.wikidata.org/entity/Q194436$917963
=600  \0$aDelmas, Marc$910441
=648  \0$a19th Century (1801-1900)$1http://www.wikidata.org/entity/Q6955$920935
=648  \0$a20th Century (1901-2000)$1http://www.wikidata.org/entity/Q6927$920936
=651  \0$aFrance$1http://www.wikidata.org/entity/Q142$9131
=700  \\$4aut$aDelmas, Marc$910441
=700  \\$4aut$aFollereau, Raoul$918565
=942  \\$cBOO
=952  \\$00$10$2ddc$40$6BIO_MASS_D$70$8BIO$96813$aORPH$bORPH$cKTS1_P$d2021-01-12$oBIO MASS d$p20130230$r2021-01-12 00:00:00$w2021-01-12$yBOO$OHuys
=952  \\$00$10$2ddc$40$6BIO_MASS_D$70$8BIO$916909$aORPH$bORPH$cKTS1_P$l0$oBIO MASS d$p20115557$r2021-01-12 00:00:00$w2021-01-12$yBOO
=999  \\$c16881$d16881
=650  \0$aBiography$1http://www.wikidata.org/entity/Q36279$91927

