=LDR  01023aam a2200265   4500
=001  16883
=005  20250925143304.0
=008  191008s1977\\\\\\\gfo\\\\\\\\\\\\0beng\d
=020  \\$a0460031465
=041  \\$aeng
=100  \\$aNichols, Roger$4aut$917724
=245  \\$aRavel
=260  \\$aLondon$bDent$c1977
=300  \\$a199 pages
=490  \\$aThe Master Musicians
=600  \0$aRavel, Maurice$d1875-1937$921455
=648  \0$a19th Century (1801-1900)$1http://www.wikidata.org/entity/Q6955$920935
=648  \0$a20th Century (1901-2000)$1http://www.wikidata.org/entity/Q6927$920936
=650  \0$aComposer$1http://www.wikidata.org/entity/Q36834$93625
=650  \0$aPianist$1http://www.wikidata.org/entity/Q486748$92959
=650  \0$aBiography$1http://www.wikidata.org/entity/Q36279$91927
=651  \0$aFrance$1http://www.wikidata.org/entity/Q142$9131
=942  \\$cBOO
=952  \\$00$10$2ddc$40$6BIO_RAVE_D$70$8BIO$916911$aORPH$bORPH$cKTS1_P$d2021-10-19$oBIO RAVE d$p20129756$r2021-01-12 00:00:00$w2021-01-12$yBOO
=999  \\$d16883

