=LDR  01957aam a2200241   4500
=001  16891
=005  20250120120107.0
=008  150521s1946\\\\\\\\\\\\\\\\\\\\\\0\fre
=041  \\$afre
=100  \\$aBergson, Henri$d1859-1941$4aut$1http://www.wikidata.org/entity/Q42156$917172
=245  \\$aMatière et mémoire
=250  \\$a46th ed.
=260  \\$aParis$bPresses Universitaires de France$c1946
=300  \\$a280 pages
=490  \\$aBibliothèque de philosophie contemporaine$v46
=520  \\$aTable des matières
Avant-propos
Chapitre I : De la sélection des images pour la représentation. Le rôle du corps..
Chapitre II : De la reconnaissance des images. La mémoire et le cerveau...
Proposition I Les deux formes de la mémoire
Proposition II De la reconnaissance en général : images-souvenirs et
mouvements.
Proposition III Passage graduel des souvenirs aux mouvements. La
reconnaissance et l'attention
Chapitre III : De la survivance des images.
La mémoire et l'esprit.
Chapitre IV : De la délimitation et de la fixation des images.
Perception et matière. Âme et corps.
Les résultats auxquels l'application de cette méthode peut conduire,
ceux qui intéressent notre recherche
I. - Tout mouvement, en tant que passage d'un repos à un
repos, est absolument indivisible.
II. - Il y a des mouvements réels
III. - Toute division de la matière en corps indépendants aux
contours absolument déterminés est une division
artificielle.
IV. - Le mouvement réel est plutôt le transport d'un état que
d'une chose.
=534  \\$aOriginally published in 1896
=648  \0$a19th Century (1801-1900)$1http://www.wikidata.org/entity/Q6955$920935
=650  \0$aPhilosophy$1http://www.wikidata.org/entity/Q5891$92357
=650  \0$aMemory$1http://www.wikidata.org/entity/Q492$921472
=942  \\$cBOO
=952  \\$00$10$2ddc$40$6PHI_BERG_A$70$8PHI$916919$aORPH$bORPH$cKM12_3_2$d2021-08-23$oPHI BERG a$r2021-01-12 00:00:00$w2021-01-12$yBOO
=999  \\$c16891$d16891

