=LDR  02051aam a2200301   4500
=001  16892
=005  20250925143304.0
=008  120124s2000\\\\be\a\\\\\\\\\\\\\\0\fre
=020  \\$a9068531433
=041  \\$afre
=041  \\$aeng
=041  \\$adut
=245  \\$aMatière et musique :$bThe Cluny Encounter. Proceedings of the European Encounter on Instrument Making and Restoration
=260  \\$aAntwerp$bLabo 19$c2000
=300  \\$a392 pages
=520  \\$aContient
Matière et musique : quelques réflexions des premiers organologues de langue française
Le pianoforte de Cristofori et quelques musiciens
The late Cristofori : creativity with a common base
Les collectionneurs d'instruments de musique et leurs collections : l'exemple de la collection de l'université de Leipzig
De l'arbre à la flute = Van boom tot fluit
Restaurer pour conserver : un archiluth de Christoph Koch, Venise 1654
L'érable ondé - l'érable à musique
Restauration d'un violon de Auguste Bernardel dit Bernardel Père fait en 1841
Essai sur l'imaginaire du clavicorde
The interpretation of early wire gauge systems : fixed diameters or proportional relationships
Steinway and the invention of the overstrung grand piano frame
Geometrical methods in stringed keyboard instrument design and construction
The whole truth
=546  \\$aTexts in English, French, and Dutch
=561  \\$aEx Libris Ton Koopman
=648  \0$a18th Century (1701-1800)$1http://www.wikidata.org/entity/Q7015$920899
=648  \0$a19th Century (1801-1900)$1http://www.wikidata.org/entity/Q6955$920935
=648  \0$a20th Century (1901-2000)$1http://www.wikidata.org/entity/Q6927$920936
=650  \0$aOrganology$1http://www.wikidata.org/entity/Q899293$921400
=651  \0$aEurope$1http://www.wikidata.org/entity/Q46$991
=700  \\$4aut$aChevallier, Claire$918572
=700  \\$4aut$aVan Immerseel, Jos$d1945-$918573
=942  \\$cBOO
=952  \\$00$10$2ddc$40$6INS_1A$70$8INS$916920$aORPH$bORPH$cKTS0$d2021-09-30$l1$oINS1a$p20130989$r2021-10-18 00:00:00$s2021-10-18$w2021-01-12$yBOO
=999  \\$d16892

