=LDR  01553aam a2200181   4500
=001  16893
=005  20230123103648.0
=008  120913s2000\\\\\\\\\\\\\\\\\\\\\\0\e
=020  \\$a9780434007417
=041  \\$aeng
=100  \\$aMiller, Geoffrey$4aut$918574
=245  \\$aThe mating mind: How sexual choice shaped the evolution of human nature
=260  \\$aLondon$bWilliam Heinemann$c2000
=300  \\$a538
=520  \\$aAt once a pioneering study of evolution and an accessible and lively reading experience, The Mating Mind marks the arrival of a prescient and provocative new science writer. Psychologist Geoffrey Miller offers the most convincingand radicalexplanation for how and why the human mind evolved. 

Consciousness, morality, creativity, language, and art: these are the traits that make us human. Scientists have traditionally explained these qualities as merely a side effect of surplus brain size, but Miller argues that they were sexual attractors, not side effects. He bases his argument on Darwins theory of sexual selection, which until now has played second fiddle to Darwins theory of natural selection, and draws on ideas and research from a wide range of fields, including psychology, economics, history, and pop culture. Witty, powerfully argued, and continually thought-provoking, The Mating Mind is a landmark in our understanding of our own species.
=942  \\$cBOO
=952  \\$00$10$2ddc$40$6PHI_MILL_A$70$8PHI$916921$aORPH$bORPH$cKM12_3_2$d2021-08-04$g42.00$oPHI MILL a$p20133020$r2021-01-12 00:00:00$w2021-01-12$yBOO
=999  \\$c16893$d16893

