=LDR  02360aam a2200229   4500
=001  16895
=005  20250925143304.0
=008  180412s2008\\\\\\\a\\\\\\\\\\\\\\0\ger\d
=020  \\$a9783936000580
=041  \\$ager
=100  \\$aKagel, Mauricio$d1931-2008$4art$1http://www.wikidata.org/entity/Q178293$916378
=245  \\$aHochzeitstagebuch
=260  \\$aHofheim$bWolke$c2008
=300  \\$a96 pages
=520  \\$aIm Sommer 2008 fertigte Mauricio Kagel sein »Hochzeitstagebuch« als ein Geschenk an seine Frau zu ihrem 80. Geburtstag im Dezember: 43 Farbzeichnungen in einem Kalender-Tagebuch mit vorgedruckten Tagesdaten auf spanisch, jeweils rechtsseitig eingebracht. Teils direkt eingezeichnet, teils aus anderen Trägern ausgeschnitten und eingeklebt. Einige Zeichnungen hat Kagel auf der Rückseite von Notenpapier aufgetragen, das in die Zeichnungen durchscheint. Das Buch sollte als Überraschung erscheinen.

Kagel-Kennern ist sein Witz bekannt. Dass sich hinter diesem großartigen Komponisten ein nicht minder begabter und begnadeter Zeichner verbarg, wussten die wenigsten. Seine Zeichnungen, deren sicherer und geübter Strich an die Cocteaus erinnern, verraten einen ausgezeichneten Karikaturisten mit genauer Beobachtungsgabe für den menschlichen Ausdruck. Es sind nicht benannte Portraits, viele ganz sicherlich aus seiner persönlichen Umgebung. Hätte sich Kagel nicht der Musik verschrieben, könnte man nach Betrachtung seiner Zeichnungen meinen, er habe auf diesem Terrain auch leicht eine zweite Karriere machen können.

Dieses Buch könne er sich »als ›Taschen-Buch‹ vorstellen, als einen täglichen Begleiter, passend für die Jackentasche, zum immer wieder Nachblättern«... Im Format ist es nun etwas größer geraten, dem Raum für die Zeichnungen zuliebe. Was aber weder dem »Immer wieder Nachblättern« hinderlich ist, noch einem immer wieder Schmunzeln...
=648  \0$a20th Century (1901-2000)$1http://www.wikidata.org/entity/Q6927$920936
=650  \0$aComposer$1http://www.wikidata.org/entity/Q36834$93625
=650  \0$aFine art$1http://www.wikidata.org/entity/Q219625$921579
=650  \0$aSatire$1http://www.wikidata.org/entity/Q128758$921636
=942  \\$cBOO
=952  \\$00$10$2ddc$40$6BIO_KAGE_A$70$8BIO$916923$aORPH$bORPH$cKTS1_P$d2022-05-12$g23.00$oBIO KAGE a$p20136216$r2021-01-12 00:00:00$w2021-01-12$yBOO
=999  \\$d16895

