=LDR  01522aam a2200241   4500
=001  16899
=005  20250120120055.0
=008  180214s2016\\\\\\\\\\\\\\\\\\\\\\0\f/e
=020  \\$a9782913734128
=041  \\$af/e
=100  \\$4Auteur (+directeur)$aRoullier, Pierre$916931
=100  \\$4Auteur$aMiollis, Ferdinand$918585
=100  \\$4Auteur$aTal, Andreas von$918586
=100  \\$4Auteur$aAlbert, Giacomo$918587
=100  \\$4Auteur$aKroke, Antonella Kroke$918588
=100  \\$4Auteur$aSzanto, Mickaël$918589
=245  \\$aMauro Lanza & Andrea Valle: systema nature
=260  \\$aChampigny-sur-Marne$bEnsemble 2e2m$c2016
=300  \\$a160
=520  \\$aIn 2013, the composers Mauro Lanza and Andrea Valle began their collaboration on the four-part composition cycle SYSTEMA NATURAE, consisting of the compositions Regnum animale (2013), Regnum vegetabile (2014), Regnum lapideum (2016), and Fossilia (2016/17). On June 19, 2017, at 6 p.m. and at 9 p.m., the entire cycle will have its premiere in a performance by the Ensemble Mosaik at the Berlin Natural History Museum. Every part of the cycle takes as its subject a branch of nature or natural science. Here, the two composers refer to the medieval cataloging of research objects on the one hand and to the classification scheme of Carl von Linnés Systema Naturae on the other hand.
=942  \\$cBOO
=952  \\$00$10$2ddc$40$6BIO_LANZ_E$70$8BIO$916928$aORPH$bORPH$cKTS1_P$d2021-10-19$g10.00$oBIO LANZ e$p20131007$r2021-01-12 00:00:00$w2021-01-12$yBOO
=999  \\$c16899$d16899

