=LDR  02512aam a2200181   4500
=001  16900
=005  20250120120117.0
=008  170131s1951\\\\\\\\\\\\\\\\\\\\\\0\f
=041  \\$afre
=100  \\$aJankélévitch, Vladimir$d1903-1985$4aut$1http://www.wikidata.org/entity/Q728489$917630
=245  \\$aLa mauvaise conscience
=260  \\$aParis$bPresses Universitaires de France$c1951
=250  \\$aDeuxième
=300  \\$a198
=520  \\$aVladimir Jankélévitch est né à Bourges en France dans une famille dont les parents sont russes. Il est le fils de Samuel Jankélévitch à qui l'on doit des traductions françaises des oeuvres des auteurs comme : Hegel, Simmel, Schelling et Freud. La famille de Jankélévitch étant installée à Paris, il fait ses études à Louis Legrand et au lycée de Montaigne. C'est alors qu'un professeur l'oriente vers la philosophie. De ce fait, il entre en 1922 à l'Ecole Normale Supérieure où il obtient l'agrégation en 1926. Il y fait aussi la connaissance d'Henri Bergson qui exerce sur lui une influence considérable.

Sa thèse sur l'Odyssée de la conscience dans la dernière philosophie de Schelling est moins évocatrice de sa pensée que sa thèse annexe sur la Valeur et signification de la mauvaise conscience où l'éthique qui y est proposée, est annonciatrice de celle de son Traité des Vertus de 1949. De 1927 à 1933, il sera enseignant à divers lieux de Prague. De retour à Paris, il est révoqué par les lois antisémites dès 1940. Réfugié à Toulouse avec sa famille, il mène de front la Résistance parallèlement avec des activités philosophiques. Il sera profondément marqué non seulement par cette révocation, mais aussi par la seconde guerre mondiale et plus tard par la déferlante de mai 1968 en France. Sa pensée sera donc orientée vers la morale et c'est ainsi qu'il tint une chaire de philosophie morale à la Sorbonne de 1951 à 1978.

Jankélévitch est l'auteur d'une vingtaine d'oeuvres philosophiques parmi lesquelles : La mauvaise conscience, L'ironie ou la bonne conscience (1936), Le mal (1947), Philosophie première, introduction à une philosophie du presque (1954), L'austérité et la vie morale (1956), Le sérieux de l'intention, (1968), Les Vertus et l'Amour (1970), L'Innocence et la méchanceté (1972), Le Paradoxe de la Morale(1981).
=942  \\$cBOO
=952  \\$00$10$2ddc$40$6PHI_JANK_A$70$8PHI$916929$aORPH$bORPH$cKM12_3_2$d2021-08-11$oPHI JANK a$p20133768$r2021-01-12 00:00:00$w2021-01-12$yBOO
=999  \\$c16900$d16900

