=LDR  00752aam a2200169   4500
=001  16901
=005  20230123103651.0
=008  170929s2001\\\\\\\\\\\\\\\\\\\\\\0\eng
=041  \\$aeng
=100  \\$aAbrahams, Simon John$4aut$918590
=245  \\$aLes mauvais jardinier: a reassessment of the myths and music of Kaikhosru Shapurji Sorabji
=260  \\$aLondon$c2001
=300  \\$a265 pages
=520  \\$aUniversity of London, King's College. A dissertation submitted to the school of humanities in candidacy for the degree of doctor in philosophy in the department of music, 2001
=942  \\$cDIS
=952  \\$00$10$2ddc$40$6MTP_5_000000000000000_ABRA$70$8MTP$916930$aORPH$bORPH$cKM12_1$d2021-08-30$oMTP5 ABRA$p20131337$r2021-01-12 00:00:00$w2021-01-12$yDIS
=999  \\$d16901

