=LDR  01544aam a2200181   4500
=001  16913
=005  20230123103653.0
=008  120417s1970\\\\\\\\\\\\\\\\\\\\\\0\e
=020  \\$a9780140136227
=041  \\$aeng
=100  \\$aPanofsky, Erwin$d1892-1968$4aut$918603
=245  \\$aMeaning in the Visual Arts
=260  \\$aLondon$bPenguin Books$c1970
=300  \\$a407 p.
=520  \\$aSince its original publication, Erwin Panofsky's Meaning in the Visual Arts has been standard reading for students of art history. It is both an introduction to the study of art and, for those with more specialized interests, a profound discussion of art and life in the Middle Ages and Renaissance. Panofsky's historical technique reveals an abundance of detail, detail he skillfully relates to the life and work of individual painters and their times.

The papers in this volume represent a cross-section of Panofsky's major work. Included are selections from his well-known Studies in Iconology and The Life and Art of Albrecht Dürer, plus an introduction and an epilogue?"The History of Art as a Humanistic Discipline" and "Three Decades of Art History in the United States: Impressions of a Transplanted European"?as well as pieces written especially for this collection. All display Panofsky's vast erudition and deep commitment to a humanistic conception of art and art history.



=942  \\$cBOO$2ddc
=952  \\$00$10$2ddc$40$6VIS_PANO$70$8VIS$916942$aORPH$bORPH$cKTS1_H$d2022-09-20$l0$oVIS PANO$p20126043$r2021-01-12 00:00:00$w2021-01-12$yBOO
=999  \\$c16913$d16913

