=LDR  02249aam a2200193   4500
=001  16914
=005  20250109133406.0
=008  130820s2007\\\\\\\\\\\\\\\\\\\\\\0\eng
=020  \\$a9780226401935
=041  \\$aeng
=100  \\$aJohnson, Mark$4aut$916324
=245  \\$aThe Meaning of the Body:$bAesthetics of Human Understanding
=260  \\$aChicago$bThe University of Chicago Press$c2007
=300  \\$a308 pages
=520  \\$aIn The Meaning of the Body, Mark Johnson continues his pioneering work on the exciting connections between cognitive science, language, and meaning first begun in the classic Metaphors We Live By. Johnson uses recent research into infant psychology to show how the body generates meaning even before self-consciousness has fully developed. From there he turns to cognitive neuroscience to further explore the bodily origins of meaning, thought, and language and examines the many dimensions of meaningincluding images, qualities, emotions, and metaphorsthat are all rooted in the bodys physical encounters with the world. Drawing on the psychology of art and pragmatist philosophy, Johnson argues that all of these aspects of meaning-making are fundamentally aesthetic. He concludes that the arts are the culmination of human attempts to find meaning and that studying the aesthetic dimensions of our experience is crucial to unlocking meaning's bodily sources.
 
Throughout, Johnson puts forth a bold new conception of the mind rooted in the understanding that philosophy will matter to nonphilosophers only if it is built on a visceral connection to the world.
 
Mark Johnson demonstrates that the aesthetic and emotional aspects of meaning are fundamentalcentral to conceptual meaning and reason, and that the arts show meaning-making in its fullest realization. If you were raised with the idea that art and emotion were external to ideas and reason, you must read this book. It grounds philosophy in our most visceral experience.George Lakoff, author of Moral Politics
=650  \0$aCorporeality$1http://www.wikidata.org/entity/Q101490283$921406
=942  \\$cBOO
=952  \\$00$10$2ddc$40$6PHI_JOHN_A$70$8PHI$916943$aORPH$bORPH$cKM12_3_2$d2021-08-11$g18.00$oPHI JOHN a$p20133762$r2021-01-12 00:00:00$w2021-01-12$yBOO
=999  \\$d16914

