=LDR  03418aam a2200349   4500
=001  16916
=005  20250820130241.0
=008  140822s2004\\\\\\\\\\\\\\\\\\\\\\0\eng
=020  \\$a9780812218817
=041  \\$aeng
=245  \\$aThe Medieval Craft of Memory:$bAn Anthology of Texts and Pictures
=260  \\$aPhiladelphia, PA$bUniversity of Pennsylvania Press$c2004
=300  \\$a312 pages
=505  \\$aGeneral introduction -- The Three Best Memory Aids for Learning History / Hugh of St. Victor -- A Little Book About Constructing Noah's Ark / Hugh of St. Victor -- The Guidonian Hand / Karol Berger -- On the Six Wings of the Seraph / [Alan of Lille] -- On Memory / Boncompagno da Signa -- Commentary on Aristotle, On Memory and Recollection / Albertus Magnus -- Commentary on Aristotle, On Memory and Recollection / Thomas Aquinas -- On Two Kinds of Order that Aid Understanding and Memory / Francesc Eiximenis -- On Acquiring a Trained Memory / Thomas Bradwardine -- The Tower of Wisdom / John of Metz -- The Art of Memory / Jacobus Publicius -- A Method for Recollecting the Gospels / Anonymous -- Appendiw: Two Texts on Rhetorical Memoria from Late Antiquity
=520  \\$aIn antiquity and the Middle Ages, memory was a craft, and certain actions and tools were thought to be necessary for its creation and recollection. Until now, however, many of the most important visual and textual sources on the topic have remained untranslated or otherwise difficult to consult. Mary Carruthers and Jan M. Ziolkowski bring together the texts and visual images from the twelfth through the fifteenth centuries that are central to an understanding of memory and memory technique. These sources are now made available for a wider audience of students of medieval and early modern history and culture and readers with an interest in memory, mnemonics, and the synergy of text and image.

The art of memory was most importantly associated in the Middle Ages with composition, and those who practiced the craft used it to make new prayers, sermons, pictures, and music. The mixing of visual and verbal media was commonplace throughout medieval cultures: pictures contained visual puns, words were often verbal paintings, and both were used equally as tools for making thoughts. The ability to create pictures in one's own mind was essential to medieval cognitive technique and imagination, and the intensely pictorial and affective qualities of medieval art and literature were generative, creative devices in themselves.

=648  \0$aMiddle Ages (500-1400)$1http://www.wikidata.org/entity/Q12554$920964
=650  \0$aMemory$1http://www.wikidata.org/entity/Q492$921472
=650  \0$aMethod$1http://www.wikidata.org/entity/Q2250960$921402
=650  \0$aEducation$926206
=700  \\$4edt$4trl$aCarruthers, Mary$918605
=700  \\$4edt$4trl$aZiolkowski, Jan M.$918606
=700  \\$4trl$aWeiss, Jessica$923281
=700  \\$4trl$aBalint, Bridget$923282
=700  \\$4trl$aGallagher, Sean$d-1965$915011
=700  \\$4trl$aBurchill, John$923283
=700  \\$4trl$aRivers, Kimberly$923284
=700  \\$4trl$aBayerle, Henry$923286
=700  \\$4ctb$aFreeman Sandler, Lucy$923285
=700  \\$4trl$aHalporn, James W.$923287
=942  \\$cBOO
=952  \\$00$10$2ddc$40$6HUM_CARR$70$8HUM$916945$aORPH$bORPH$cKM12_1$d2014-08-18$g19.51$l1$m5$oHUM CARR$p20130587$r2025-05-06 11:27:24$s2023-09-14$w2021-01-12$yBOO
=999  \\$d16916

