=LDR  02491aam a2200229   4500
=001  16917
=005  20250120120224.0
=008  190913s1978\\\\\\\\\\\\\\\\\\\\\\0\eng
=020  \\$a0299076105
=041  \\$aeng
=100  \\$aKelly, Douglas$4aut$918607
=245  \\$aMedieval Imagination:$bRhetoric and the Poetry of Courtly Love
=260  \\$aMadison, WI$bUniversity of Wisconsin Press$c1978
=300  \\$a330 pages
=520  \\$aMedieval Imagination examines the poetry of courtly love with unprecedented thoroughness. Douglas Kelly offers detailed analyses of numerous works within a historical, conceptual, and artistic framework to establish the underlying concept of Imagination in courtly poetry. He capitalizes the term to underscore its medieval sense: the poets invention of significant images to represent a certain conception of truth. Imagination, thus, in its metaphorical sense of providing an idea with a suitable representation in an image, permitted an allegory of love in romance and dream vision from the twelfth century on. The techniques employed in Imaginationallegory, personification, metonymy, synecdocheare analyzed in detail as amplification.

In addition to his complete coverage of the better-known poets like Guillaume de Lorris, Machaut, and Froissart, Kelly examines the work of such rarely treated writers as René dAnjou and Oton de Grandson, as well as the Echecs amoureux and related medieval Latin writings. The concluding chapters including Charles dOrléans, Chartier, and Christine de Pisan.

The later chapters are a rare boon to French scholars in providing a survey of Middle French courtly literature, a little-explored area of scholarship. Kellys documentation is a fresh and useful contribution to the interpretation of this too-often neglected period.The flower of medieval French culture, the poetry of courtly love, is examined with an unprecedented thoroughness in this work. Douglas Kelly offers detailed analyses of numerous works within a historical, conceptual, and artistic framework.
=648  \0$aMiddle Ages (500-1400)$1http://www.wikidata.org/entity/Q12554$920964
=650  \0$aSong$1http://www.wikidata.org/entity/Q7366$94164
=650  \0$aPoetry$1http://www.wikidata.org/entity/Q482$93026
=650  \0$aRhetoric$1http://www.wikidata.org/entity/Q81009$93894
=942  \\$cBOO
=952  \\$00$10$2ddc$40$6GHM_3_000000000000000$70$8GHM$916946$aORPH$bORPH$cKM12_1$d2021-11-19$oGHM3$p20130598$r2021-01-12 00:00:00$w2021-01-12$yBOO
=999  \\$d16917

