=LDR  01078aam a2200193   4500
=001  16918
=005  20250109132726.0
=008  140821s1996\\\\\\\\\\\\\\\\\\\\\\0\e
=020  \\$a9780813208428
=041  \\$aeng
=100  \\$4Editor$aMantello, F.A.C.$918608
=100  \\$4Editor$aRigg, A.G.$918609
=245  \\$aMedieval Latin: An introduction and bibliographical guide
=260  \\$aWashington D.C.$bCUA Press$c1996
=300  \\$a774
=520  \\$aA new standard guide to the Latin language and literature of the period from C.A.D 200 to 1500. Comprehensive in scope, this guide to the learned lingua franca of western Europe satisfies a longstanding need for a reference tool in English that focusses on medieval latinity in all of its specialized aspects. It provides introductions to, and bibliographic orientations in, all the main areas of Medieval Latin language, literature, and scholarship.
=942  \\$cBOO
=952  \\$00$10$2ddc$40$6LIT_MANT_A$70$8LIT$916947$aORPH$bORPH$cKM12_2_H$d2021-08-25$g33.68$oLIT MANT a$p20134039$r2021-01-12 00:00:00$w2021-01-12$yBOO
=999  \\$c16918$d16918

