=LDR  01611aam a2200229   4500
=001  16924
=005  20250120120539.0
=008  120201s2003\\\\\\\a\\\\\\\\\\\\\\0\eng
=020  \\$a9780415253093
=041  \\$aeng
=245  \\$aMedieval Worlds:$bA Sourcebook
=260  \\$aLondon$bRoutledge$c2003
=300  \\$a320 pages
=520  \\$aComplete with introductions, full commentary, glossary, and a guide to further reading, Medieval Worlds is a comprehensive sourcebook for the study of Western Europe from the fifth to the fifteenth century.

Drawing on a wide range of documents, from chronicles, legal, state, and church documents, to biographies, poems, and letters from all over Europe, the authors expertly illustrate to the reader the unity and complexity of the medieval world.

Amongst many more, central issues discussed include:

 the diverse world of monasteries
 the Papacy
 the Crusades
 women
 the roles of the town and countryside.

Medieval Worlds presents the reader with a view of the medieval era as it was: one of immense diversity with openness to new ideas, and outreach in areas from technology to natural philosophy.

=648  \0$aMiddle Ages (500-1400)$1http://www.wikidata.org/entity/Q12554$920964
=650  \0$aHistory$1http://www.wikidata.org/entity/Q309$921403
=651  \0$aEurope$1http://www.wikidata.org/entity/Q46$991
=700  \\$4edt$aAnderson, Roberta$918615
=700  \\$4edt$aBellenger, Dominic Aidan$923362
=942  \\$cBOO
=952  \\$00$10$2ddc$40$6HUM_ANDE$70$8HUM$916953$aORPH$bORPH$cKM12_1$d2022-01-04$oHUM ANDE$p20130590$r2021-01-12 00:00:00$w2021-01-12$yBOO
=999  \\$d16924

