=LDR  02565aam a2200217   4500
=001  16925
=005  20250120120333.0
=008  150521s1915\\\\\\\\\\\\\\\\\\\\\\0\ger
=041  \\$ager$hlat
=100  \\$aDescartes, René$d1596-1650$4aut$1http://www.wikidata.org/entity/Q9191$95525
=245  \\$aMeditationen über die Grundlagen der Philosophie
=260  \\$aLeipzig$bMeiner$c1915
=300  \\$a78 pages
=520  \\$aDie Neuausgabe der "Meditationen" über die Erste Philosophie bietet das Hauptwerk Descartes' in einer durchgängig neuen deutschen Übersetzung. Sie erhebt erstmals die Einheitlichkeit der Terminologie zum leitenden Kriterium und erfüllt damit ein echtes Desiderat für den anspruchsvollen Leser. In den "Meditationes de prima philosophia" (1642) geht es Descartes um eine neue Grundlegung der Metaphysik. Dieser Neuanfang in der Philosophie, den Descartes wie wohl kaum ein anderer propagiert und durchführt, hat jedoch einen konservativen Zug: Gerade Descartes besteht darauf, daß seine Philosophie die älteste ist, die es überhaupt geben kann, und diese Aussage hat nur Sinn, wenn Metaphysik als Rekonstruktion der ursprünglichen Fragen verstanden wird, die anfänglich das philosophische und insbesondere metaphysische Geschäft ins Rollen gebracht hatten. Mit Descartes beginnt deshalb nicht etwa nur jenes systematische Philosophieren, dem es um die Beantwortung der Fragen selbst geht, sondern auch ein Philosophieren, das die Behandlung der Fragen selbst in der Auseinandersetzung und mit dem Material jener Positionen vollzieht, die es zu überwinden versucht. Die zentrale Innovation der Meditationen liegt also weder in der bloß scheinbaren Unabhängigkeit von aller vorherigen Metaphysik, noch in einer neuen Terminologie, sondern in einer völligen Neuordnung des vorhandenen Materials. Descartes agiert souverän in der Terminologie des Aristoteles und der scholastischen Metaphysik, greift nicht weniger souverän die Themen dieser Tradition auf und fügt sie zu einem völlig neuen Gebäude zusammen. Das Neue an Descartes' Metaphysik ist, daß er mit der hergebrachten Metaphysik agiert, nicht in ihr.
=534  \\$aOriginally published in 1642
=648  \0$a17th Century (1601-1700)$1http://www.wikidata.org/entity/Q7016$920923
=650  \0$aPhilosophy$1http://www.wikidata.org/entity/Q5891$92357
=765  \\$aMeditationes de prima philosophia
=942  \\$cBOO
=952  \\$00$10$2ddc$40$6PHI_DESC_A$70$8PHI$916954$aORPH$bORPH$cKM12_3_2$d2021-08-03$oPHI DESC a$p20132938$r2021-01-12 00:00:00$w2021-01-12$yBOO
=999  \\$c16925$d16925

