=LDR  00959aam a2200217   4500
=001  16926
=005  20250925143304.0
=008  150520s1947\\\\\\\\\\\\\\\\\\\\\\0\fre
=041  \\$afre$hger
=100  \\$4aut$aHusserl, Edmund$d1859-1938$1http://www.wikidata.org/entity/Q58586$916437
=245  \\$aMéditations cartésiennes :$bintroduction àla phénoménologie
=260  \\$aParis$bVrin$c1947
=300  \\$a134 pages
=648  \0$a20th Century (1901-2000)$1http://www.wikidata.org/entity/Q6927$920936
=650  \0$aPhenomenology$1http://www.wikidata.org/entity/Q179235$920894
=651  \0$aGermany$1http://www.wikidata.org/entity/Q183$9155
=700  \\$4trl$918617$aPeiffer, Gabrielle
=700  \\$aLevinas, Emmanuel$d1906-1995$4trl$1http://www.wikidata.org/entity/Q153034$916150
=942  \\$cBOO
=952  \\$00$10$2ddc$40$6PHI_DESC_B_HUSS$70$8PHI$916955$aORPH$bORPH$cKM12_3_2$d2021-08-11$oPHI DESC b HUSS$p20133731$r2021-01-12 00:00:00$w2021-01-12$yBOO
=999  \\$d16926

