=LDR  00580aam a2200169   4500
=001  16927
=005  20250423121557.0
=008  150521s1979\\\\\\\\\\\\\\\\\\\\\\0\e
=020  \\$a13579108642
=041  \\$aeng
=100  \\$aRousseau, Jean-Jacques$d1712-1778$4aut$1http://www.wikidata.org/entity/Q6527$95214
=245  \\$aMeditations of a solitary walker
=260  \\$aLondon$bPenguin Books$c1979
=300  \\$a53
=942  \\$cBOO
=952  \\$00$10$2ddc$40$6PHI_ROUS_A$70$8PHI$916956$aORPH$bORPH$cKM12_3_2$d2021-08-06$oPHI ROUS a$p20133193$r2021-01-12 00:00:00$w2021-01-12$yBOO
=999  \\$c16927$d16927

