=LDR  01936aam a2200229   4500
=001  16928
=005  20251030161655.0
=008  140710s2005\\\\\\\g\\\\\\\\\\\\\\0\eng\d
=020  \\$a9780810854079
=041  \\$aeng
=245  \\$aThe Mediterranean in Music:$bCritical Perspectives, Common Concerns,  Cultural Differences
=260  \\$aMaryland$bThe Scarecrow$c2005
=300  \\$a247 pages
=490  \\$aEuropea: Ethnomusicologies and modernities$v3
=520  \\$aPolitically and historically, the Mediterranean has been a space for critical dialogue for competing and often antagonistic voices, and still functions as meeting place for diverse and interdisciplinary approaches. Although other academic disciplines have attempted a unified approach to Mediterranean studies, until recently Mediterranean music as a singular concept has received relatively little scholarly development. This volume is a crucial first step and investigates several musical cultures that have traditionally demonstrated common threads, trends, and interactions. The music of Greece, Crete, Turkey, Albania, Corsica, Italy, Spain, Morocco, Algeria and Palestine are all considered in this volume as the scholars represented here reveal the musical commonality among otherwise divergent traditions. Unnecessary technical jargon is avoided, and an interdisciplinary approach embracing ethnology and material culture considerations makes this volume relevant not only to musicologists and anthropologists, but likewise to the general reader interested in tourism.
=650  \0$aEthnomusicology$1http://www.wikidata.org/entity/Q208365$920991
=650  \0$aMusic criticism$1http://www.wikidata.org/entity/Q11748889$921598
=700  \\$4edt$aCooper, David$918618
=700  \\$4edt$aDawe, Kevin$918619
=942  \\$cBOO
=952  \\$00$10$2ddc$40$6TOP_TR$70$8TOP$916957$aORPH$bORPH$cKTS0$d2014-07-10$l1$oTOP TR?$p20138993$r2022-04-07 00:00:00$s2021-03-12$yBOO
=999  \\$d16928

