=LDR  01081aam a2200193   4500
=001  16929
=005  20250109132726.0
=008  120330s2001\\\\\\\\\\\\\\\\\\\\\\0\e
=020  \\$a9781584230703
=041  \\$aeng
=100  \\$4Auteur$aFiore, Quentin$918620
=100  \\$4Auteur$aMcLuhan, Marshall$918621
=245  \\$aThe medium is the massage: An inventory of effects
=260  \\$aMadera$bGingko Press$c2001
=300  \\$a159
=520  \\$aMillions of "global villagers" connected by the communications revolution Marshall McLuhan foresaw, have never read the most influential, prophetic, and entertaining book ever written on the subject--The Medium is the Message (originally published in 1967). The authors have selected excerpts from McLuhan's most electrifying theories and insights. By linking text with images, they created this mesmerizing, first-of-its kind book. Photos and illustrations.
 

=942  \\$cBOO
=952  \\$00$10$2ddc$40$6PHI_FIOR_A$70$8PHI$916958$aORPH$bORPH$cKM12_3_2$d2021-08-02$g10.00$oPHI FIOR a$p20132838$r2021-01-12 00:00:00$w2021-01-12$yBOO
=999  \\$c16929$d16929

