=LDR  00922aam a2200169   4500
=001  16930
=005  20251009081721.0
=008  120228s2001\\\\\\\\\\\\\\\\\\\\\\0\\\\
=020  \\$a9789056373917
=100  \\$4edt$aVan den Bossche, Marc$918622
=245  \\$aMeesterstukken uit de filosofie
=260  \\$bLemniscaat Publishers$c2001
=300  \\$a221
=520  \\$aIk kan me niet aan de indruk onttrekken dat de bijdrage van Lieven de Cauter over Walter Benjamin zeer zwaar leunt op mijn prijswinnende doctoraalsciptie "Walter Benjamin en de Archeologie van de Moderniteit", die ik in 1998 onder supervisie van Dr. Heleen Pott en Dr. Joop de Jong aan de Universiteit van Maastricht publiceerde.
Dat stemt me zeer bedenkelijk, om het mild uit te drukken! 

=942  \\$cBOO
=952  \\$00$10$2ddc$40$6PHI_VAND_A$70$8PHI$916959$aORPH$bORPH$cKM12_3_2$d2021-08-05$oPHI VAND a$p20133064$r2021-01-12 00:00:00$w2021-01-12$yBOO
=999  \\$c16930$d16930

