=LDR  01206aam a2200253   4500
=001  16931
=005  20250925143304.0
=008  180924s\\\\\\\\\\\\\\\\\\\\\\\\\\0\dut
=041  \\$adut$hger
=100  \\$4aut$aWagner, Richard$d1813-1883$1http://www.wikidata.org/entity/Q1511$97120
=245  \\$aDe Meesterzangers van Nürnberg.$bZangspel in drie bedrijven (4 tafereelen)
=260  \\$aAntwerp$bBoucherij$c1904 [?]
=300  \\$a124 pages
=534  \\$aPremiered on 16 January 1904
=610  \0$aOpera Ballet Vlaanderen (Ghent and Antwerp, Belgium)$1http://www.wikidata.org/entity/Q2500784$921505
=648  \0$a20th Century (1901-2000)$1http://www.wikidata.org/entity/Q6927$920936
=650  \0$aOpera$1http://www.wikidata.org/entity/Q1344$92468
=650  \0$aLibretto$1http://www.wikidata.org/entity/Q131084$94031
=700  \\$4trl$aKeurvels, Edward$d1853-1916$1http://www.wikidata.org/entity/Q2750289$918623
=765  \\$aDie Meistersinger von Nürnberg
=942  \\$cBOO
=952  \\$00$10$2ddc$40$6KTS_1_000000000000000_C3_15_20$70$8RAR$916960$aORPH$bORPH$cKTS1_H$d2021-09-08$oKTS1 C3.15 (20)$p20136415$r2021-01-12 00:00:00$w2021-01-12$yBOO
=999  \\$c16931$d16931
=533  \\$aDigitized by iGuana, Spring 2025.

