=LDR  01117aam a2200205   4500
=001  16936
=005  20250120120119.0
=008  181217s1948\\\\\\\\\\\\\\\\\\\\\\0\fre
=041  \\$afre
=100  \\$4dte$aClosson, Ernest$d1870-1950$1http://www.wikidata.org/entity/Q27903961$917025
=245  \\$aMélanges Ernest Closson: $brecueil d'articles musicologiques offert à Ernest Closson à l'occasion de son soixante-quinzième anniversaire
=260  \\$aBrussels$bSociété belge de musicologie$c1948
=300  \\$a201 pages
=650  \0$aMusic history$1http://www.wikidata.org/entity/Q846047$921373
=700  \\$4edt$aVan den Borren, Charles$d1874-1966$1http://www.wikidata.org/entity/Q1066297$917675
=700  \\$4edt$aLinden, Albert Vander$d1913-1977$918631
=942  \\$cBOO
=952  \\$00$10$2ddc$40$6REF_4_000000000000000_CLOSS$70$8REF$912244$aORPH$bORPH$cKM12_1$d2022-09-22$oREF4 CLOSS$p20123361$r2021-01-12 00:00:00$w2021-01-12$yBOO
=952  \\$00$10$2ddc$40$6REF_4_000000000000000_CLOSS$70$8REF$916965$aORPH$bORPH$cKM12_1$d2020-07-08$eKoopman$i30E07$oREF4 CLOSS$p20131058$r2021-01-12 00:00:00$w2021-01-12$yBOO
=999  \\$d16936

