=LDR  02219aam a2200253   4500
=001  16941
=005  20250925143304.0
=008  120228s2004\\\\\\\\\\\\\\\\\\\\\\0\dut\d
=020  \\$a9789077503027
=041  \\$adut
=100  \\$4aut$aBarthes, Roland$d1915-1980$1http://www.wikidata.org/entity/Q179109$919171
=245  \\$aMemo Barthes
=260  \\$aNijmegen$bVantilt$c2004
=300  \\$a238 pages
=520  \\$aRoland Barthes (1915-1980) had een bijzonder vermogen om in het dorre woud van de concepten persoonlijke fascinaties op het spoor te komen. Door de onnavolgbare mengeling van eruditie, stijl en politiek bewustzijn prikkelt zijn werk - literatuurbeschouwing, cultuurkritiek, essayistiek in de ruimste zin des woords - steeds weer nieuwe lezers. Roland Barthes is een postume tijdgenoot.

Onder de titel Memo Barthes stelden Rokus Hofstede en Jürgen Pieters een boek samen over de intellectuele erfenis van Roland Barthes. Twaalf Nederlandse en Vlaamse auteurs reflecteren over de invloed van Barthes, onder het motto: 'Barthes, wat kunnen we er vandaag de dag nog mee?' In de geest van de meester hebben hun reflecties nu eens de vorm van persoonlijk getinte essays, dan weer van objectiverende beschouwingen. 

In het boek zijn bovendien negen vertaalde artikelen opgenomen, essays over literatuur, muziek, film, fotografie, taal en maatschappij, cultuur en engagement, die een beeld geven van Barthes' veelzijdige kritische activiteit.

Memo Barthes bevat bijdragen van onder anderen Geert Buelens, Pol Hoste, Manet van Montfrans, Willy Roggeman en Jacq Vogelaar.

Memo Barthes bevat ook vertalingen van negen kritische essays van Barthes. 



=648  \0$a20th Century (1901-2000)$1http://www.wikidata.org/entity/Q6927$920936
=650  \0$aPhilosophy$1http://www.wikidata.org/entity/Q5891$92357
=650  \0$aLiterature$1http://www.wikidata.org/entity/Q8242$94439
=651  \0$aFrance$1http://www.wikidata.org/entity/Q142$9131
=700  \\$4edt$aHofstede, Rokus$917213
=700  \\$4edt$aPieters, Jürgen$918635
=942  \\$cBOO
=952  \\$00$10$2ddc$40$6PHI_BART_B_HOFS$70$8PHI$916970$aORPH$bORPH$cKM12_3_2$d2021-08-11$g19.00$oPHI BART b HOFS$p20133579$r2021-01-12 00:00:00$w2021-01-12$yBOO
=999  \\$d16941

