=LDR  02846aam a2200253   4500
=001  16952
=008  180117s2014\\\\\\\gao\\\\\\\\\\\\0\eng\d
=020  \\$a9781580464741
=041  \\$aeng
=100  \\$4edt$aThym, Jürgen$916678
=245  \\$aMendelssohn, the Organ, and the Music of the Past: $bConstructing Historical Legacies
=260  \\$aRochester$bUniversity of Rochester Press$c2014
=300  \\$a339 pages
=520  \\$aBy upbringing, family connections, and education, Felix Mendelssohn was ideally positioned to contribute to the historical legacies of the German people, who in the aftermath of the Napoleonic Wars discovered that they were a nation with a distinct culture. The number of cultural icons of German nationalism that Mendelssohn "discovered," promoted, or was asked to promote (by way of commissions) in his compositions is striking: Gutenberg and the invention of the printing press, Dürer and Nuremberg, Luther and the Augsburg Confession as the manifesto of Protestantism, Bach and the St. Matthew Passion, Beethoven and his claims to universal brotherhood. 
The essays in this volume investigate from a variety of perspectives Mendelssohn's relationship to the music of the past, including the significance of Bach's music for the Mendelssohn family, the homages to Bach in Mendelssohn's organ compositions, the influence of Beethoven in the Reformation Symphony, and Mendelssohn's reception and use of Handel's oratorios. Together, the essays shed light on the construction of legacies that, in some cases, served to assert German cultural supremacy only two decades after the composer's death in 1847.

Contributors: Celia Applegate, John Michael Cooper, Hans Davidsson, Wm. A. Little, Peter Mercer-Taylor, Siegwart Reichwald, Glenn Stanley, Russell Stinson, Benedict Taylor, Nicholas Thistlethwaite, Jürgen Thym, R. Larry Todd, Christoph Wolff

Jürgen Thym is professor emeritus of musicology at the Eastman School of Music and editor of Of Poetry and Song: Approaches to the Nineteenth-Century Lied (University of Rochester Press, 2010).
=600  \0$aMendelssohn-Bartholdy, Felix$d1809-1847$1http://www.wikidata.org/entity/Q46096$94998
=648  \0$a19th Century (1801-1900)$1http://www.wikidata.org/entity/Q6955$920935
=650  \0$aMusic history$1http://www.wikidata.org/entity/Q846047$921373
=650  \0$aCultural history$1http://www.wikidata.org/entity/Q858517$922395
=650  \0$aOrgan$1http://www.wikidata.org/entity/Q1444$92810
=650  \0$aComposing$1http://www.wikidata.org/entity/Q92186587$1http://www.wikidata.org/entity/Q11895763$93076
=650  \0$aLegacy$1http://www.wikidata.org/entity/Q623282$922131
=942  \\$cBOO
=952  \\$00$10$2ddc$40$6BIO_MEND_E$70$8BIO$916982$aORPH$bORPH$cKTS1_P$d2017-12-21$l1$m4$oBIO MEND e$p20144159$r2025-04-09 15:34:57$s2021-03-10$w2021-01-12$yBOO
=999  \\$d16952

