=LDR  01589aam a2200205   4500
=001  16956
=005  20250120120024.0
=008  140828s2008\\\\\\\\\\\\\\\\\\\\\\0\ger
=020  \\$a9783865203175
=041  \\$ager
=100  \\$4edt$aVogel, Beatrix$918643
=245  \\$aDer Mensch - sein eigenes Experiment?$bKolloquium 2003 des Nietzsche-forums München
=260  \\$aMünchen$bAllitera$c2008
=300  \\$a652 pages
=520  \\$aIn der gegenw rtigen Situation einer Gesellschaft im bergang m ssen auch die geliebtesten und heiligsten Vorstellungen durcheinander gewirbelt werden, damit wir uns von der Idolatrie der Vorstellungen und Begriffe befreien k nnen, was aber keineswegs bedeutet, dass diese nicht gebildet werden m ssten; im Gegenteil: Die Diskurse m ssen ausgebildet werden, und dies nicht ohne dass in sie der letzte Ernst hinein gegeben w re. Erst dadurch, im vielf ltigen Agon differenter, teils konkurrierender, teils kommunizierender Gegenwarten, entsteht jene Reibung, in der sich Nutzloses und Notwendiges scheidet und sich in der zur cknehmenden Kraft der D cadence die zukunftgestaltenden Umwertungen herausstellen k nnen. Die Veranstaltungen des Nietzsche-Forums M nchen finden hierin ihre Aufgabe und ihren Zweck.
=600  \0$aNietzsche, Friedrich Wilhelm$d1844-1900$1http://www.wikidata.org/entity/Q9358$915868
=650  \0$aPhilosophy$1http://www.wikidata.org/entity/Q5891$92357
=942  \\$cBOO
=952  \\$00$10$2ddc$40$6PHI_NIET_B_VOGE$70$8PHI$916986$aORPH$bORPH$cKM12_3_2$d2021-08-10$g58.45$oPHI NIET b VOGE$p20133492$r2021-01-12 00:00:00$w2021-01-12$yBOO
=999  \\$d16956

