=LDR  01371aam a2200181   4500
=001  16958
=005  20230123103659.0
=008  120330s2004\\\\\\\\\\\\\\\\\\\\\\0\\\\
=020  \\$a9789071206207
=100  \\$aMurray, Charles$4aut$918646
=245  \\$aHet menselijk genie: Streven naar het ultieme in kunst en wetenschap door de eeuwen heen
=260  \\$aUtrecht$bHet Spectrum$c2004
=300  \\$a755 pages
=520  \\$aWaarom zijn in sommige culturen of perioden meer grootse dingen tot stand gebracht dan in andere? Wie waren de grootste genieën van alle windstreken en wat hadden zij met elkaar gemeen? In dit boek wordt verslag gedaan van het uitmunten van de mens in kunsten en wetenschappen, van de Oudheid tot in de twintigste eeuw. Het biedt een panoramisch overzicht van alle toppen van prestatie, onderbouwd met ranglijsten, statistieken, chronologieën, kaartjes en tot een overtuigend geheel gemaakt door de pakkende tekst vol aansprekende voorbeelden, waarin alle aspecten van het onderwerp uitvoerig worden belicht en geanalyseerd.

=942  \\$cBOO$2ddc
=952  \\$00$10$2ddc$40$6PHI_0_000000000000000_MURR$70$8PHI$916988$aORPH$bORPH$cKM12_3_2$d2021-08-18$oPHI0 MURR$p20133970$r2021-01-12 00:00:00$w2021-01-12$yBOO
=952  \\$00$10$2ddc$40$6SCI_MURR$70$8SCI$916989$aORPH$bORPH$cKM12_1$l0$oSCI MURR$p20135435$r2021-01-12 00:00:00$w2021-01-12$yBOO
=999  \\$c16958$d16958

