=LDR  04620aam a2200265   4500
=001  16962
=005  20250716103226.0
=008  180924q1883\\\\\\\\\\\\\\\\\\\\\\d\fre
=041  \\$afre$hita
=100  \\$4aut$aBoito, Arrigo$d1842-1918$1http://www.wikidata.org/entity/Q219491$918650
=245  \\$aMéphistophélès.$bGrand opéra en 5 actes et 9 tableaux
=260  \\$aMilan$bRicordi$aParis$bDurdilly$c1883 [?]
=300  \\$a44
=520  \\$aPrologue
Un chSur céleste loue Dieu, le Créateur ('Ave signor'). Mefistofele déclare insolemment qu'il est capable de conquérir l'âme de Faust. Son pari est accepté par les forces du bien.

Acte I
Scène 1
Le vieux Docteur Faust et son élève Wagner regardent les célébrations de Pâques sur la place principale de Francfort. Faust sent qu'ils sont suivis par un mystérieux moine que Faust croit voir laisser des empreintes de feu. Wagner rassure son maître et comme le soir tombe ils retournent chez Faust.

Scène 2
Faust est dans son bureau, plongé dans ses réflexions. Ses pensées sont troublées par l'apparition du moine qu'il reconnaît comme une manifestation du démon : Mefistofele ("Son lo spirito che nega"). Loin d'être terrifié, Faust est intrigué et entre dans une discussion avec Mefistofele qui se termine par son accord pour donner son âme au diable à sa mort en échange d'un moment de joie suprême.

Acte II
Scène 1
Redevenu jeune, Faust séduit Marguerite, une innocente villageoise. Elle est incapable de résister à son charme et accepte de donner à sa mère un somnifère pour passer une nuit avec lui. Pendant ce temps Mefistofele s'amuse avec Marthe, une autre villageoise.

Scène 2
Mefistofele a transporté Faust pour assister au Sabbat des sorcières sur le mont Brocken. Le démon monte sur son trône et proclame son mépris pour le monde et ses habitants ("Ecco il mondo"). Comme l'orgie atteint son paroxysme Faust voit une vision de Marguerite enchaînée et avec la gorge tranchée. Mefistofele l'assure que ce n'est qu'une illusion.

Acte III
La vision de Faust était vraie. Marguerite gît dans une cellule lugubre, dans la confusion et le désespoir. Elle a été emprisonnée pour avoir empoisonné sa mère avec le somnifère donné par Faust et noyé l'enfant qu'elle a eu de Faust ("L'altra notte in fondo al mare"). Faust demande à Mefistofele de les aider à s'enfuir tous les deux. Ils entrent dans la cellule. D'abord Marguerite ne les reconnaît pas. Sa joie d'être réunie avec Faust tourne à l'horreur quand elle voit Mefistofele et reconnaît qu'il est le démon. Refusant de succomber encore au mal, Marguerite demande le pardon de Dieu. Elle s'effondre sur le sol de la cellule tandis que le chSur céleste proclame sa rédemption.

Acte IV
Mefistofele a transporté Faust au temps de la Grèce antique. Hélène de Troie et ses suivantes se délassent sur les rives d'une rivière magnifique. Faust, attiré plus que jamais, conquiert facilement le cSur de la belle princesse. Dans des effusions passionnées ils se déclarent un amour immortel.

Épilogue
De retour dans son laboratoire Faust, de nouveau un vieil homme, pense que ni dans le monde de la réalité ni dans celui de l'illusion il n'a pu trouver la perfection qu'il recherchait ("Giunto sul passo estremo"). Il sent que la fin de sa vie est proche, mais désespérant de sa victoire finale, Mefistofele le pousse à partir pour de nouvelles aventures. Pendant un moment Faust hésite, mais soudain il saisit sa Bible et implore le pardon de Dieu. Le projet de Mefistofele a été contrarié ; il disparaît dans le sol pendant que Faust meurt et que le chSur céleste chante une fois de plus sur la rédemption finale ("All'erta!...Ave, Signor").
=534  \\$aMefistofele was premiered with music by the author at the Scala in Milan, 5 March 1868. The French version premiered at the Théâtre de la Monnaie in Brussels in January 1883
=590  \\$aVersion française de M. Paul Milliet
=610  \0$aDe Munt / La Monnaie (Brussels, Belgium)$1http://www.wikidata.org/entity/Q551479$921000
=648  \0$a19th Century (1801-1900)$1http://www.wikidata.org/entity/Q6955$920935
=650  \0$aOpera$1http://www.wikidata.org/entity/Q1344$92468
=650  \0$aLibretto$1http://www.wikidata.org/entity/Q131084$94031
=700  \\$4trl$aMilliet, Paul$d1848-1924$1http://www.wikidata.org/entity/Q1678210$918651
=765  \\$aMefistofele
=942  \\$cBOO
=952  \\$00$10$2ddc$40$6KTS_1_000000000000000_C3_15_10$70$8RAR$916993$aORPH$bORPH$cKTS1_C3$d2021-09-08$oKTS1 C3.15 (10)$p20136435$r2021-01-12 00:00:00$w2021-01-12$yBOO
=999  \\$c16962$d16962

