=LDR  01125aam a2200181   4500
=001  16970
=005  20250109132727.0
=008  131204s2013\\\\\\\\\\\\\\\\\\\\\\0\e
=020  \\$a9781409473091
=041  \\$ae
=100  \\$aHealey, Gareth$4aut$918661
=245  \\$aMessiaen's musical techniques: The composer's view and beyond
=260  \\$aSurrey$bAshgate Publishing$c2013
=300  \\$a203
=520  \\$aDespite Messiaen's position as one of the greatest technical innovators of the twentieth century, his musical language has not been comprehensively defined and investigated. Given the reliance on idiosyncratic techniques, clear comprehension of the music is impossible without a detailed knowledge of Messiaen's methods. Gareth Healey charts their development and interconnections, considers their relationship with formal structures, and applies them in refined and extended form to works for which Messiaen himself left no published analysis.
=942  \\$cBOO
=952  \\$00$10$2ddc$40$6BIO_MESS_E$70$8BIO$917001$aORPH$bORPH$cKTS1_P$d2021-10-19$g49.50$oBIO MESS e$p20130088$r2021-01-12 00:00:00$w2021-01-12$yBOO
=999  \\$c16970$d16970

