=LDR  00947aam a2200193   4500
=001  16972
=005  20230123103701.0
=008  131115s2002\\\\\\\\\\\\\\\\\\\\\\0\e
=020  \\$a9780413388902
=041  \\$aeng
=100  \\$4aut$aBrecht, Bertolt$d1898-1956$918663
=100  \\$4Translator$aWillett, John$916359
=245  \\$aThe messingkauf dialogues
=260  \\$aLondon$bMethuen$c2002
=300  \\$a109
=520  \\$aThe Messingkauf dialogues are the longest but in some ways the most light hearted of all Brecht's discussions of theatre. Here Actor, Actress, Dramaturg (or literary adviser) and Electrician argue with the Brechtian Philosopher who wants to exploit their talent for his own purposes. The result is a lively debate about the place of art in society.
=942  \\$cBOO
=952  \\$00$10$2ddc$40$6LIT_BREC_A$70$8LIT$917003$aORPH$bORPH$cKM12_2_H$d2021-08-25$g16.00$oLIT BREC a$p20134037$r2021-01-12 00:00:00$w2021-01-12$yBOO
=999  \\$c16972$d16972

