=LDR  02074aam a2200241   4500
=001  16975
=005  20250925143304.0
=008  120411s1999\\\\\\\\\\\\\\\\\\\\\\0\dut\d
=020  \\$a9789055730476
=041  \\$adut
=100  \\$aVan den Haak, Nel$4aut$918666
=245  \\$aMetafoor en filosofie:$bStudie naar de metaforische werking in de filosofie aan de hand van Julia Kristeva en Paul Ricoeur
=260  \\$aLeende$bDamon$c1999
=300  \\$a236 pages
=520  \\$aWat is de plaats en de functie van de metafoor in de filosofie? Er wordt ingegaan op deze vraag door middel van een vergelijking van Julia Kristeva's en van Paul Ricoeurs benadering van de metafoor. De vergelijking wordt op drie manieren gemaakt aan de hand van metaforische werkingen, vervolgens aan de hand van de wijze waarop metaforen en suojscten elkaar of beïnvloeden of bewerken, actief en passief, wederzijds, en tenslotte aan de hand van de metaforische uitwerking op (gender)politiek niveau. Zodoende worden actuele filosofische discussies over de taal, het denken en het subject verbonden met een eigen stellingname over de rol van de metafoor. Door deze studie wordt aldus het latere werk van zowel Ricoeur als Kristeva voor het Nederlandse taalgebied ontsloten, terwijl voor Kristeva's werk in het geheel geldt dat er tot nu toe erg weinig aandacht aan is besteed, ondanks haar centrale plaats in de internationale discussie op het terrein van filosofie, psychoanalyse, semiotiek en cultuuranalyse. 



 

 

=600  \0$aKristeva, Julia$d1941-$1http://www.wikidata.org/entity/Q159876$916796
=600  \0$aRicœur, Paul$d1913-2015$1http://www.wikidata.org/entity/Q192066$917803
=648  \0$a20th Century (1901-2000)$1http://www.wikidata.org/entity/Q6927$920936
=650  \0$aPhilosophy$1http://www.wikidata.org/entity/Q5891$92357
=650  \0$aLinguistics$1http://www.wikidata.org/entity/Q8162$93902
=942  \\$cBOO
=952  \\$00$10$2ddc$40$6PHI_KRIS_B_VAND$70$8PHI$917006$aORPH$bORPH$cKM12_3_2$d2021-08-06$g10.00$oPHI KRIS b VAND$p20133202$r2021-01-12 00:00:00$w2021-01-12$yBOO
=999  \\$d16975

