=LDR  01360aam a2200205   4500
=001  16980
=005  20250120120207.0
=008  120921s1995\\\\\\\\\\\\\\\\\\\\\\0\eng
=020  \\$a9780415126250
=041  \\$aeng
=100  \\$aFiumara, Gemma Corradi$4aut$918671
=245  \\$aThe Metaphoric Process:$bConnections between Language and Life
=260  \\$aLondon$bRoutledge$c1995
=300  \\$a196 pages
=520  \\$aMetaphor is much more than just a linguistic phenomena, argues Gemma Corradi Fiumara, it is in fact the key process by which we construct and develop our ability to understand the world and the people we share it with.
Rationality as understood by philosophers has led to a disembodied view of ourselves in which interaction between life and language has been downplayed. By looking at the metaphoric process - in an interpersonal rather than a formal way - its importance in allowing us access to new worlds of experience is revealed. The metaphoric potential in us all exposes us to the world and initiates our involvement in it.
=650  \0$aPhilosophy$1http://www.wikidata.org/entity/Q5891$92357
=650  \0$aLinguistics$1http://www.wikidata.org/entity/Q8162$93902
=942  \\$cBOO
=952  \\$00$10$2ddc$40$6PHI_FIUM_A$70$8PHI$917011$aORPH$bORPH$cKM12_3_2$d2021-08-09$g25.00$oPHI FIUM a$p20133274$r2021-01-12 00:00:00$w2021-01-12$yBOO
=999  \\$d16980

