=LDR  00742aam a2200193   4500
=001  16983
=005  20250120120304.0
=008  120222s1995\\\\\\\\\\\\\\\\\\\\\\0\n
=020  \\$a9789063035983
=041  \\$adut
=100  \\$4Auteur$aAristoteles$d384-322 BC$1http://www.wikidata.org/entity/Q868$94906
=100  \\$4Translator$aVerhoeven, Cornelis$918441
=245  \\$aMetaphysica: kleine Alfa
=260  \\$aAntwerpen$bAmbo$c1995
=300  \\$a116
=520  \\$aVertaling met commentaar van een deel van de Metafysica van de Griekse wijsgeer (384-322 v.Chr.). 

 

=942  \\$cBOO
=952  \\$00$10$2ddc$40$6PHI_ARIS_A$70$8PHI$917014$aORPH$bORPH$cKM12_3_2$d2021-08-06$g12.00$oPHI ARIS a$p20133221$r2021-01-12 00:00:00$w2021-01-12$yBOO
=999  \\$c16983$d16983

