=LDR  01568aam a2200181   4500
=001  16987
=005  20250109132727.0
=008  170214s1984\\\\\\\\\\\\\\\\\\\\\\0\e
=020  \\$a9060322568
=041  \\$aeng
=100  \\$aEvans, Joseph Claude$4aut$918676
=245  \\$aThe metaphysics of transcendental subjectivity: Descartes, Kant and W. Sellars
=260  \\$aAmsterdam$bVerlag B. R. Grüner$c1984
=520  \\$aThe general topic of this book is the metaphysics of the subject in Kantian transcendental philosophy. A critical appreciation of Kant's achievements requires that we be able to view Kant's positions as transformations of pre-Kantian philosophy, and that we understand the ways in which contemporary philosophy changes the letter of Kantian thought in order to be true to its spirit in a new philosophical horizon. Descartes is important in two respects. One the one hand, he institutes a philosophical movement which can be said to culminate in Kant; on the other hand, Descartes is one of the major opponents against whom Kant argues in establishing his own position. In either case, the Cartesian cogito is a central concern. Wilfred Sellars restates and transforms Kantian positions in the context of contemporary philosophy after the "linguistic turn", using the Platonic metaphor that thought is similar to discourse.
=490  \\$aBochumer Studien zur Philosophie$v5
=942  \\$cBOO
=952  \\$00$10$2ddc$40$6PHI_DESC_B_EVAN$70$8PHI$917018$aORPH$bORPH$cKM12_3_2$d2021-08-03$oPHI DESC b EVAN$p20132931$r2021-01-12 00:00:00$w2021-01-12$yBOO
=999  \\$c16987$d16987

