=LDR  02578aam a2200313   4500
=001  16992
=005  20250121142132.0
=008  150910s2000\\\\\\\g\\\\\\\\\\\\\\0\eng\d
=020  \\$a0253213916
=020  \\$a0253337925
=041  \\$aeng
=100  \\$aHoule, George$4aut$918680
=245  \\$aMeter in Music, 1600-1800:$bPerformance, Perception, and Notation
=260  \\$aBloomington, IN$bIndiana University Press$c2000
=300  \\$a174 pages
=504  \\$aIncludes a bibliography and index
=505  \\$gIntroduction -- 1. The Origins of the Measure in the Seventeenth Century -- 2. Time Signatures in the Eighteenth Century -- 3. Rhythmopoeia: Quantitative Meters in Poetry and Music -- 4. Quantitas Intrinseca: The Perception of Meter -- 5. Articulation of Quantitative Meter -- 6. Accent as Measure Articulation and as Measure Definition -- Appendix: Rhythmopoeia according to Johann Mattheson and Wolfgang Caspar Printz
=520  \\$aA Choice Outstanding Academic Book of 1988
All practising musicians with an interest in the baroque owe it to themselves to be exposed to the ideas contained in this book. Continuo

This is a book from an excellent musician in the early field who turns out also to be a most persistent scholar . . .  Early Music

 . . . the book offers a vast quantity of data from a wide range of sources. . . . George Houle is to be congratulated for his honest presentation of the entire spectrum. Music Educators Journal

The treatment of meter in performance has evolved dramatically since 1600. Here is a practical guide for the performer, with many quotations from early manuals and treatises, and abundant examples.
=600  \0$aMattheson, Johann$d1681-1764$1http://www.wikidata.org/entity/Q170333$95222
=600  \0$aPrintz, Wolfgang Caspar$d1641-1717$1http://www.wikidata.org/entity/Q104997$97272
=648  \0$a17th Century (1601-1700)$1http://www.wikidata.org/entity/Q7016$920923
=648  \0$a18th Century (1701-1800)$1http://www.wikidata.org/entity/Q7015$920899
=650  \0$aMeter$1http://www.wikidata.org/entity/Q630649$924074
=650  \0$aMusic theory$1http://www.wikidata.org/entity/Q193544$92662
=650  \0$aMusical analysis$1http://www.wikidata.org/entity/Q1544924$92775
=942  \\$cBOO
=952  \\$00$10$2ddc$40$6GHM_5_000000000000000$70$8GHM$917023$aORPH$bORPH$cKM12_1$d2022-09-08$g20.00$l0$oGHM5$p20134953$r2021-01-12 00:00:00$w2021-01-12$yBOO
=952  \\$00$10$2ddc$40$6GHM_5_000000000000000$70$8GHM$921804$aORPH$bORPH$cKM12_1$d2022-09-08$eKoopman$l0$oGHM5$p20123299$r2021-01-12 00:00:00$w2021-01-12$yBOO
=999  \\$d16992

