=LDR  00553aam a2200169   4500
=001  16996
=005  20250109133245.0
=008  131113s1754\\\\\\\\\\\\\\\\\\\\\\0\\\\
=100  \\$aDubugrarre$4aut$920942
=245  \\$aMéthode.
=260  \\$aGenève$bMinkoff Reprint$c1754
=250  \\$a1972
=300  \\$a10 p., 10 p., 16 p.
=520  \\$aPlus courte et plus facile que l'ancienne pour l'accompagnement du clavecin.
=942  \\$cBOO
=952  \\$00$10$40$70$8COLL_UNK$917027$aORPH$bORPH$cLOC_UNK$d2021-01-12$l0$r2021-01-12 00:00:00$w2021-01-12$yBOO
=999  \\$c16996$d16996

