=LDR  01114aam a2200253   4500
=001  16997
=005  20250820130241.0
=008  170703s1828\\\\\\\g\\\\\\\\\\\\\\0\fre\d
=041  \\$afre
=100  \\$aMees, J. H.$4aut$918684
=245  \\$aEtrennes lyriques :$bméthode raisonnée pour exercer la voix
=246  \1$aMethode de chant
=260  \\$a[Brussels]$bMees$c[1828]
=300  \\$a37 pages
=500  \\$aLacks title page
=648  \0$a19th Century (1801-1900)$1http://www.wikidata.org/entity/Q6955$920935
=650  \0$aMethod$1http://www.wikidata.org/entity/Q2250960$921402
=650  \0$aSinging$1http://www.wikidata.org/entity/Q27939$92767
=650  \0$aMusic education$1http://www.wikidata.org/entity/Q27908$921766
=651  \0$aBrussels (Belgium)$1http://www.wikidata.org/entity/Q239$937
=856  \\$uhttps://books.google.be/books?id=zJdBAAAAcAAJ&printsec=frontcover&hl=nl#v=onepage&q&f=false$3Google Books
=942  \\$cBOO
=952  \\$00$10$2ddc$40$6KTS_1_000000000000000_H_03_023$70$8RAR$923286$aORPH$bORPH$cKTS1_H$d2024-04-17$l0$oKTS1 H.03.023$p20146535$r2021-01-12 00:00:00$w2021-01-12$yBOO
=999  \\$d16997

