=LDR  01473aam a2200181   4500
=001  17003
=005  20250109132727.0
=008  110829s1987\\\\\\\\\\\\\\\\\\\\\\0\dut
=020  \\$a9060097693
=100  \\$aSwanborn, Peter Gustaaf$4aut$918690
=245  \\$aMethoden van sociaal-wetenschappelijk onderzoek
=250  \\$a4
=260  \\$aMeppel$bBoom$c1987
=300  \\$a436 pages
=520  \\$aDit boek geeft een overzicht van strategieën en procedures bij het ontwerpen van en de dataverzameling in het sociaal-wetenschappelijk onderzoek. Aan de orde komen onder andere: richtlijnen voor het wetenschappelijk handelen, het denken in wetenschappelijke uitspraken, beschrijvende en verklarende probleemstellingen, de betrekkingen tussen onderzoek en theorie, fundamenteel en op de praktijk afgestemd (beleids)onderzoek, symbolisch, interactionistisch onderzoek, actieonderzoek, problemen van objectiviteit, variabelen op verschillende aggregatieniveaus, operationaliseren en meten, databronnen en researchstrategieën zoals experiment, enquête en veldonderzoek. Eik hoofdstuk is voorzien van opgaven, waarvan de antwoorden als bijlage zijn opgenomen. Het boek is bedoeld voor studenten en afgestudeerden in de sociologie, de antropologie, de pedagogiek, de andragologie en de politicologie.

=942  \\$cBOO
=952  \\$00$10$2ddc$40$6REF_2_000000000000000_SWAN$70$8REF$917034$aORPH$bORPH$cKM12_1$d2021-08-24$g49.00$oREF2 SWAN$p20131185$r2021-01-12 00:00:00$w2021-01-12$yBOO
=999  \\$d17003

