=LDR  00755aam a2200205   4500
=001  17006
=005  20250821124556.0
=008  130919s1995\\\\gw\ag\\\\\\\\\\\\\0\ger\d
=020  \\$a9783795906832
=041  \\$ager
=100  \\$aRoth, Georg$4aut$918693
=245  \\$aMethodik des virtuosen Klavierspiels. Alfred Hoehns Methode
=260  \\$aWilhelmshaven$bNoetzel$c1995
=300  \\$a108 pages
=600  \0$926558$aHoehns, Alfred
=650  \0$1http://www.wikidata.org/entity/Q2250960$aMethod$921402
=650  \0$1http://www.wikidata.org/entity/Q5994$aPiano$92127
=942  \\$cBOO
=952  \\$00$10$2ddc$40$6INS_3_000000000000000_3C_HOEH$70$8COLL_UNK$917037$aORPH$bORPH$cLOC_UNK$d2022-01-05$oINS3.3c HOEH$p20126021$r2021-01-12 00:00:00$w2021-01-12$yBOO
=999  \\$d17006

