=LDR  01337aam a2200229   4500
=001  17010
=005  20250120115834.0
=008  110919s2001\\\\\\\\\\\\\\\\\\\\\\0\dut
=020  \\$a9076785031
=041  \\$adut
=100  \\$aBenoît, Peter$d1834-1901$4aut$1http://www.wikidata.org/entity/Q733063$921014
=245  \\$aMe voici à Paris: $bParijse brieven (1859-1863) van Peter Benoit
=260  \\$aAntwerp$bAMVC$c2001
=300  \\$a363 pages
=520  \\$aIn 55 brieven brengt Peter Benoit verslag uit van zijn ambities, ontgoochelingen en de moeilijke omstandigheden waarin hij een internationale carrière probeert uit te bouwen te Parijs. De annotaties van Jan Dewilde bij de brieven geven uitleg en duiding en brengen vele nieuwe feiten aan het licht. Bovendien worden de brieven omkaderd met een kroniek die toelaat Benoit te volgen in het Parijse en Brusselse muziekleven van zijn tijd.
=648  \0$a19th Century (1801-1900)$1http://www.wikidata.org/entity/Q6955$920935
=651  \0$aParis (France)$1http://www.wikidata.org/entity/Q90$9160
=700  \\$4edt$aDewilde, Jan$918698
=942  \\$cBOO
=952  \\$00$10$2ddc$40$6BIO_BENO_A$70$8BIO$917041$aORPH$bORPH$cKTS1_P$d2021-11-25$oBIO BENO a$p20130232$r2021-01-12 00:00:00$w2021-01-12$yBOO
=999  \\$c17010$d17010
=650  \0$aCorrespondence$1http://www.wikidata.org/entity/Q1784733$921392

