=LDR  02757aam a2200241   4500
=001  17044
=005  20250925143304.0
=008  120113s2002\\\\\\\\\\\\\\\\\\\\\\0beng\d
=020  \\$a9780754601326
=041  \\$aeng
=100  \\$4aut$aRobinson, Suzanne$918702
=245  \\$aMichael Tippett:$bMusic and Literature
=260  \\$aBurlington$bAshgate$c2002
=300  \\$a261 pages
=520  \\$aOne of the great composers of the twentieth century, Michael Tippett found inspiration for his music amongst literary works that spanned all ages and many nations. His numerous settings of poetry, his several large works for voice and orchestra and the five operas that he wrote testify to his impressive command of literary history. The texts of these works are densely allusive, self-consciously interweaving quotations and half-quotations.The essays that make up this volume are specially commissioned interpretations of the relationships between music and literature that permeate and characterize Tippett's music and his writings. Indeed the first chapter in the volume is Tippett's own essay 'The relation of autobiographical experience to the created work of art' which guides the reader through his literary loves. Edward Venn follows this with an essay that surveys Tippett's main literary writings and the insights these offer into his other creative work.Discussion then turns to the music, with Sean Flanagan's research into the development of Tippett's musical borrowings. Suzanne Robinson and Rowena Harrison take a different approach, with an analysis of the intertextuality of the texts of A Child of our Time and King Priam. Barbara Docherty examines the technical processes involved in the conjoining of words and music in The Heart's Assurance, while Arnold Whittall discusses the music's ultimate transcendence of words in Tippett's vocal compositions.Other facets of Tippett's career are explored by Lewis Foreman and Suzanne Cole. Foreman's essay details the composer's persistent courtship of the BBC, while Sue Cole discusses Tippett's time as Director of Music at Morley College. The volume concludes with an investigation by Meinhard Saremba of the reception of Tippett's music in Germany.
=600  \0$aTippett, Michael$d1905-1998$1http://www.wikidata.org/entity/Q356499$924252
=648  \0$a20th Century (1901-2000)$1http://www.wikidata.org/entity/Q6927$920936
=650  \0$aComposer$1http://www.wikidata.org/entity/Q36834$93625
=650  \0$aLiterature$1http://www.wikidata.org/entity/Q8242$94439
=651  \0$aUnited Kingdom$1http://www.wikidata.org/entity/Q21$9273
=942  \\$cBOO
=952  \\$00$10$2ddc$40$6BIO_TIPP_E$70$8BIO$917076$aORPH$bORPH$cKTS1_P$d2022-05-24$oBIO TIPP e$p20129774$r2021-01-12 00:00:00$w2021-01-12$yBOO
=999  \\$d17044

