=LDR  01059aam a2200193   4500
=001  17051
=005  20250109132728.0
=008  160822s2013\\\\\\\\\\\\\\\\\\\\\\0\d/p
=020  \\$a9786098071115
=041  \\$ad/p
=100  \\$4Editor$aDaunoraviciené, Grazina$918709
=100  \\$4Editor$aPovilioniene, Rima$918710
=245  \\$aMikalojus Konstantinas Ciurlionis (1875-1911): His time and our time
=260  \\$aVilnius$bLietuvos Muzikos ir teatro akademija$c2013
=300  \\$a686
=520  \\$aPublished in the book are presentations delivered in form of treatises at the International Scientific Conference, held in Vilnius on 21-24 September 2011 and organized by the Lithuanian Academy of Music and Theatre, Lithuanian Composer's Union in cooperation with the Vilnius Art Academy and the Lithuanian Research Institute of Culture, and selected for the publication peer review"
=942  \\$cBOO
=952  \\$00$10$2ddc$3CD : 2$40$6BIO_CIUR_D$70$8BIO$917083$aORPH$bORPH$cKTS1_P$d2021-10-19$oBIO CIUR d$p20129730$r2021-01-12 00:00:00$w2021-01-12$yBOO
=999  \\$c17051$d17051

