=LDR  01947aam a2200277   4500
=001  17054
=005  20250925143304.0
=008  120924s1999\\\\\\\\\\\\\\\\\\\\\\0beng\d
=020  \\$a9780006530268
=041  \\$aeng
=100  \\$aCarr, Ian$4aut$918711
=245  \\$aMiles Davis:$bThe Definitive Biography
=250  \\$a2nd ed.
=260  \\$aLondon$bHarper Collins$c1999
=300  \\$a660 pages
=520  \\$aThis exhaustively researched, revised edition of Ian Carr's classic biography throws new light on Davis' life and career: from the early days in New York with Charlie Parker; to the Birth of Cool; through his drug addiction in the early 1950s and the years of extraordinary achievements (1954-1960), during which he signed with Columbia and collaborated with such unequaled talents as John Coltrane, Bill Evans, Wynton Kelly and Cannonball Adderly. Carr also explores Davis' dark, reclusive period (1975-1980), offering firsthand accounts of his descent into addiction, as well as his dramatic return to life and music. Carr has talked with the people who knew Miles and his music best including Bill Evans, Joe Zawinul, Keith Jarrett, and Jack DeJohnette, and has conducted interviews with Ron Carter, Max Roach, John Scofield and others.
=600  \0$aDavis, Miles$d1926-1991$1http://www.wikidata.org/entity/Q93341$939967
=648  \0$a20th Century (1901-2000)$1http://www.wikidata.org/entity/Q6927$920936
=650  \0$aInstrumentalist$1http://www.wikidata.org/entity/Q1278335$921706
=650  \0$aTrumpet$1http://www.wikidata.org/entity/Q8338$92388
=650  \0$aJazz$1http://www.wikidata.org/entity/Q8341$92756
=650  \0$aBiography$1http://www.wikidata.org/entity/Q36279$91927
=651  \0$aUSA$1http://www.wikidata.org/entity/Q30$943
=942  \\$cBOO
=952  \\$00$10$2ddc$40$6BIO_DAVI_D$70$8BIO$917086$aORPH$bORPH$cKTS1_P$d2021-10-19$g15.00$oBIO DAVI d$p20129766$r2021-01-12 00:00:00$w2021-01-12$yBOO$Vamazon.co.uk
=999  \\$d17054

