=LDR  02166aam a2200205   4500
=001  17056
=005  20250120120016.0
=008  120312s1990\\\\\\\\\\\\\\\\\\\\\\0\eng
=020  \\$a9780674576032
=041  \\$aeng
=100  \\$aWalton, Kendall W.$4aut$918713
=245  \\$aMimesis as Make-Believe:$bOn the Foundations of the Representational Arts
=260  \\$aCambridge, MA$bHarvard University Press$c1990
=300  \\$a450 pages
=520  \\$aRepresentations--in visual arts and in fiction--play an important part in our lives and culture. Kendall Walton presents here a theory of the nature of representation, which illuminates its many varieties and goes a long way toward explaining its importance.

Drawing analogies to children's make believe activities, Walton constructs a theory that addresses a broad range of issues: the distinction between fiction and nonfiction, how depiction differs from description, the notion of points of view in the arts, and what it means for one work to be more "realistic" than another. He explores the relation between appreciation and criticism, the character of emotional reactions to literary and visual representations, and what it means to be caught up emotionally in imaginary events.

Walton's theory also provides solutions to the thorny philosophical problems of the existence--or ontological standing--of fictitious beings, and the meaning of statements referring to them. And it leads to striking insights concerning imagination, dreams, nonliteral uses of language, and the status of legends and myths.

Throughout Walton applies his theoretical perspective to particular cases; his analysis is illustrated by a rich array of examples drawn from literature, painting, sculpture, theater, and film. Mimesis as Make-Believe is important reading for everyone interested in the workings of representational art.
=650  \0$aPhilosophy$1http://www.wikidata.org/entity/Q5891$92357
=650  \0$aFine art$1http://www.wikidata.org/entity/Q219625$921579
=942  \\$cBOO
=952  \\$00$10$2ddc$40$6PHI_WALT_A$70$8PHI$917088$aORPH$bORPH$cKM12_3_2$d2021-08-06$oPHI WALT a$p20133209$r2021-01-12 00:00:00$w2021-01-12$yBOO
=999  \\$d17056

