=LDR  00854aam a2200193   4500
=001  17061
=005  20250109132728.0
=008  120223s1986\\\\\\\\\\\\\\\\\\\\\\0\e
=020  \\$a978-0029080603
=041  \\$aeng
=100  \\$4Auteur$aDreyfus, Hubert L.$918715
=100  \\$4Auteur$aDreyfus, Stuart E.$918716
=245  \\$aMind over machine: The power of human intuition and expertise in the era of the computer
=260  \\$aNew York$bFree Press$c1986
=300  \\$a231
=520  \\$aDefining the limits of computer technology, the authors make a compelling case that binary logic will always be inferior to human intuitive ability. A stunning reaffirmation of human intelligence.

=942  \\$cBOO
=952  \\$00$10$2ddc$40$6PHI_DREY_A$70$8PHI$917093$aORPH$bORPH$cKM12_3_2$d2021-08-05$oPHI DREY a$p20133108$r2021-01-12 00:00:00$w2021-01-12$yBOO
=999  \\$c17061$d17061

