=LDR  02157aam a2200181   4500
=001  17065
=005  20250120120015.0
=008  120223s1999\\\\\\\\\\\\\\\\\\\\\\0\e
=020  \\$a9780860917045
=041  \\$aeng
=100  \\$aAdorno, Theodor W.$d1903-1969$4aut$1http://www.wikidata.org/entity/Q152388$915795
=245  \\$aMinima moralia: reflections from damaged life
=260  \\$aFrankfurt am Main$bSuhrkamp$c1999
=300  \\$a251
=520  \\$aMinima Moralia: Reflections From Damaged Life (German: Minima Moralia: Reflexionen aus dem beschädigten Leben) is a 1951 book by Theodor W. Adorno and a seminal text in Critical Theory. Adorno started writing it during World War II, in 1944, while he lived as an exile in America, and completed it in 1949. It was originally written for the fiftieth birthday of his friend and collaborator Max Horkheimer, who co-authored the book Dialectic of Enlightenment with Adorno.

The book takes its title from Magna Moralia, Aristotle's lesser known work on ethics. As Adorno writes in the Dedication, the "sorrowful science" (a pun on Nietzsche's The Gay Science) with which the book is concerned is "the teaching of the good life", a central theme of both the Greek and Hebrew sources of Western philosophy. In the mid-20th century, Adorno maintains that a good, honest life is no longer possible, because we live in an inhuman society. "Life does not live", declares the book's opening epigram. Adorno illustrates this in a series of short reflections and aphorisms into which the book is broken, moving from everyday experiences to disturbing insights on general tendencies of late industrial society. Topics considered include the subversive nature of toys, the desolation of the family, the ungenuinness of being genuine, the decay of conversation, the rise of occultism, and the history of tact. Adorno shows how the smallest changes in everyday behavior stand in relation to the most catastrophic events of the twentieth century.


=942  \\$cBOO
=952  \\$00$10$2ddc$40$6PHI_ADOR_A$70$8PHI$917097$aORPH$bORPH$cKM12_3_2$d2021-08-03$g19.00$oPHI ADOR a$p20132907$r2021-01-12 00:00:00$w2021-01-12$yBOO
=999  \\$c17065$d17065

