=LDR  04781aam a2200241   4500
=001  17068
=005  20250120120416.0
=008  180924s1874\\\\\\\\\\\\\\\\\\\\\\d\fre
=041  \\$afre
=100  \\$4aut$aCarré, Michel$d1821-1872$1http://www.wikidata.org/entity/Q602493$97105
=245  \\$aMireille.$bOpéra en cinq actes tiré du poème provençal de Frédéric Mistral
=250  \\$aNouvelle édition
=260  \\$aParis$bCalmann-Lévy$c1874
=300  \\$a60 pages
=520  \\$aMireille est un opéra en cinq actes, composé par Charles Gounod sur un livret de Michel Carré1 d'après Mirèio, poème épique en provençal de Frédéric Mistral, créé le 19 mars 1864 au Théâtre Lyrique

Acte I
Le matin de la Saint-Jean, les magnanarelles cueillent les feuilles destinées aux vers à soie. Taven, une sorcière qui vit dans les rochers du Val d'Enfer passe au milieu d'elles, évoquant leur insouciance. Les filles se moquent d'elle et Clémence chante bien haut qu'elle aspire à un riche mariage. Mireille, fille unique du propriétaire, déclare qu'elle épousera celui qu'elle aime, fut-il pauvre et timide. Les ouvrières la plaisantent car Mireille a déjà fait son choix : un pauvre vannier, nommé Vincent.

Restée seule, Mireille se confie à Taven, qui lui promet son aide. La vieille femme la quitte et Vincent la rejoint bientôt, lui avouant qu'il l'aime. Le temps passant, ils doivent se séparer, mais promettent de se retrouver aux Saintes-Maries-de-la-Mer en cas de malheur.

Acte II
Devant les arènes d'Arles, on chante la farandole en dansant. Mireille paraît avec Vincent : on leur fait fête et ils répondent en chantant tour à tour, bientôt séparés par le départ de la course de taureaux. Taven prend alors Mireille à part et lui confie avoir vu trois hommes (parmi lesquels Ourrias, riche bouvier), se disputer sa main.

Restée seule, Mireille est abordée par Ourrias qui lui adresse ses compliments mais elle l'éconduit. Ébranlé, Ourrias laisse la place à Ramon (père de Mireille) et Ambroise (père de Vincent) : ce dernier lui confie que son fils est tombé amoureux d'une fille de riche famille, dont il se désespère ; Ramon lui propose le bâton comme remède mais Mireille intervient et révèle qu'elle est celle que Vincent aime. D'abord troublé, Ramon se ressaisit et maudit sa fille, puis Vincent et Ambroise, qu'il chasse dans la confusion générale.

Acte III
Tableau 1, Le Val d'Enfer

Ourrias traverse le Val d'Enfer, peuplé de farfadets et de lutins, à la recherche de Taven, qui pourra lui vendre un breuvage magique pouvant lui apporter l'amour de Mireille. Laissé seul à sa jalousie, il rencontre Vincent qu'il raille et insulte. Le jeune homme essaie de le calmer mais Ourrias le frappe d'un coup de trident et le laisse pour mort. Alertée par les gémissements de Vincent, Taven aperçoit Ourrias qui s'enfuit et le maudit.

Tableau 2, Le pont de Trinquetaille

Pris de remords, Ourrias se rend au gué de Trinquetaille pour tenter de traverser le Rhône. La vision de spectres de femmes mortes par amour l'assaille. Lorsque le passeur arrive enfin, l'eau se gonfle et engloutit Ourrias. Il est damné.

Acte IV
Tableau 1, Les Micocoules

Le soir, au mas, les moissonneurs fêtent la Saint-Jean sans parvenir à réconforter Ramon, qui sait que son refus a brisé le cSur de sa fille et mis fin à la vieillesse heureuse qu'il se préparait. Vincenette, la sSur de Vincent, se glisse jusqu'à la chambre de Mireille et lui apprend que Vincent a été blessé par Ourrias mais qu'il est vivant. Mireille décide d'aller prier aux Saintes-Maries-de-la-Mer pour conjurer le malheur.

Tableau 2, La plaine de la Crau

Dans le désert de la Crau, Mireille rassemble ses forces pour la partie la plus pénible du voyage. Prise de vertige, victime d'une insolation, elle croit mourir mais se reprend et se remet en route.

Acte V
Dans la chapelle des Saintes-Marie-de-la-Mer, les pèlerins chantent un hymne d'action de grâce. Vincent paraît et Mireille, exténuée, se jette dans ses bras puis s'évanouit à nouveau. Elle ne reprend conscience que pour mourir dans ses bras, tandis qu'une voix céleste l'appelle.


=600  \0$aGounod, Charles$d1818-1893$1http://www.wikidata.org/entity/Q180278$97571
=610  \0$aOpéra (Paris, France)$1http://www.wikidata.org/entity/Q283339$920898
=648  \0$a19th Century (1801-1900)$1http://www.wikidata.org/entity/Q6955$920935
=650  \0$aLibretto$1http://www.wikidata.org/entity/Q131084$94031
=650  \0$aOpera$1http://www.wikidata.org/entity/Q1344$92468
=942  \\$cBOO
=952  \\$00$10$2ddc$40$6KTS_1_000000000000000_C3_15_9$70$8RAR$917101$aORPH$bORPH$cKTS1_C3$d2021-06-24$oKTS1 C3.15 (9)$p20136434$r2021-01-12 00:00:00$w2021-01-12$yBOO
=999  \\$c17068$d17068

