=LDR  02524aam a2200229   4500
=001  17069
=005  20250925143304.0
=008  120323s1995\\\\\\\\\\\\\\\\\\\\\\0\fre
=020  \\$a9782213594835
=100  \\$aSabatier, François$4aut$918721
=245  \\$aLes miroirs de la musique:$bLa musique et sos correspondances avec la littérature et les beaux-arts 1800-1950
=260  \\$aParis$bFayard$c1995
=300  \\$a728 pages
=520  \\$aReflet de son époque avec ses modes, ses répulsions ou ses prédilections, la musique est en même temps le miroir des autres arts avec lesquels elle forme un ch?ur unique et harmonieux. Aussi, à côté d'histoires de la musique, de l'art ou de la littérature retraçant parallèlement et de façon plus ou moins cloisonnée le parcours de chacune de ces disciplines, cet ouvrage aborde pour sa part le phénomène artistique dans sa globalité et tente d'éclairer de la sorte l'évolution de la musique à la lumière de son environnement artistique et littéraire. Couvrant la période qui s'étend de 1400 à 1800, ce premier tome s'articule autour de ces immenses mouvements artistiques que suscitent la Renaissance, le Baroque et les Lumières. Quelles parentés unissent rhétorique et musique ? N'existe-t-il pas de sensibles similitudes entre les formules de la fable, du conte ou de la lettre et celles des pièces de clavecin à titre de Couperin ou de Rameau ? L'architecture classique n'obéit-elle pas aux mêmes lois de symétrie que certaines formes musicales ? La manière expressive du Caravage ne trouve-t-elle pas son équivalent chez Monteverdi ? Quelles affinités entre l'art de Léonard de Vinci et celui de Josquin des Prés, entre l'univers de Tiepolo et celui de Vivaldi ? Telles sont quelques-unes des mises en perspective que propose ce premier volet d'un ensemble de deux volumes qui pose un regard synthétique sur les aventures croisées de la musique, de la littérature et des beaux-arts.
=648  \0$a19th Century (1801-1900)$1http://www.wikidata.org/entity/Q6955$920935
=648  \0$a20th Century (1901-2000)$1http://www.wikidata.org/entity/Q6927$920936
=650  \0$aMusic history$1http://www.wikidata.org/entity/Q846047$921373
=650  \0$aLiterature$1http://www.wikidata.org/entity/Q8242$94439
=650  \0$aFine art$1http://www.wikidata.org/entity/Q219625$921579
=942  \\$cBOO
=952  \\$00$10$2ddc$40$6GHM_6_000000000000000$70$8GHM$917102$aORPH$bORPH$cKM12_1$d2022-09-08$l0$oGHM6$p20134964$r2021-01-12 00:00:00$w2021-01-12$yBOO
=999  \\$d17069

