=LDR  00624aam a2200169   4500
=001  17071
=005  20250109133040.0
=008  150506s1950\\\\\\\\\\\\\\\\\\\1\\0\mul
=041  \\$adut$afre
=100  \\$4dte$aVan der Mueren, Floris$d1890-1966$1http://www.wikidata.org/entity/Q42197738$919576
=245  \\$aMiscellanea musicologica: Floris Van der Mueren
=260  \\$aGhent$c1950
=300  \\$a262 pages
=700  \\$4edt$aVan Nuffel, Mgr. J.$918723
=942  \\$cBOO
=952  \\$00$10$2ddc$40$6REF_4_000000000000000_VAND$70$8REF$917105$aORPH$bORPH$cKM12_1$d2021-08-11$oREF4 VAND$p20131060$r2021-01-12 00:00:00$w2021-01-12$yBOO
=999  \\$d17071

