=LDR  00615aam a2200169   4500
=001  17077
=005  20250120120015.0
=008  120119s1998\\\\\\\\\\\\\\\\\\\\\\0\d
=020  \\$a9783518289785
=041  \\$ager
=100  \\$aAdorno, Theodor W.$d1903-1969$4aut$1http://www.wikidata.org/entity/Q152388$915795
=245  \\$aMit den Ohren denken: Adornos Philosophie der musik
=260  \\$aFrankfurt am Main$bSuhrkamp$c1998
=300  \\$a446
=942  \\$cBOO
=952  \\$00$10$2ddc$40$6PHI_ADOR_A$70$8PHI$917111$aORPH$bORPH$cKM12_3_2$d2021-08-03$g725.00$oPHI ADOR a$p20132910$r2021-01-12 00:00:00$w2021-01-12$yBOO
=999  \\$c17077$d17077

