=LDR  00673aam a2200169   4500
=001  17078
=005  20250120120130.0
=008  190906s2001\\\\\\\\\\\\\\\\\\\\\\0\ger
=041  \\$ager
=100  \\$aKreutziger-Herr, Annette$4aut$918200
=245  \\$aMittelalterliche Musik als Imagination: zur Rezeptionsgeschichte der Musik des Mittelalters in der Neuzeit
=260  \\$aMassachusetts$c2001
=300  \\$a366 pages
=500  \\$aDissertation Smith College Museum of Art, Northhampton, Massachusetts
=942  \\$cDIS
=952  \\$00$10$2ddc$40$6MTP_5_000000000000000_KREU$70$8MTP$917112$aORPH$bORPH$cKM12_1$d2021-08-31$oMTP5 KREU$p20131368$r2021-01-12 00:00:00$w2021-01-12$yDIS
=999  \\$d17078

