=LDR  01521aam a2200181   4500
=001  17082
=005  20230123103712.0
=008  120913s1999\\\\\\\\\\\\\\\\\\\\\\0\ger
=020  \\$a3931564185
=041  \\$ager
=100  \\$aKlaas, Rainer M.$4aut$918730
=245  \\$aMM::99: Kammermusik des 20. Jahrhunderts in 50 Konzerten
=260  \\$aRecklinghausen$bNOXXON$c1999
=300  \\$a[358] pages
=520  \\$aIn 50 Konzertprogrammen wurde der weite Bogen von der Spätromantik bis zur Neuen Musik gespannt. Das gesamte 20. Jahrhundert wurde von der Mitte her in immer weiter auseinanderstrebenden Jahrespaaren erfasst; die Aufführungen endeten mit Werken aus dem Jahr 1901 und mit zwei Auftragskompositionen aus dem Jahr 1999. Wer sich im Rahmen von MM::99 auf die Zeitreise ins Reich der Kammermusik begab, erhielt Wegbegleitung durch fachkundige Moderation.

Räumlich war die Reise leicht zu bewältigen; MM::99 breitete ein dichtes Netz von Veranstaltungen über Westfalen. Viele haben daran mitgewirkt, zum Beispiel die Initiatoren und Ideengeber, die Music Concept Consulting, der Landschaftsverband Westfalen-Lippe, die Stiftung Kunst und Kultur des Landes Nordrhein-Westfalen und - last but not least - die Gastgeber der 50 Konzerte, die überwiegend dem Kultursekretariat NRW Gütersloh angehörten, bei dem die Federführung des Projektes lag.


=942  \\$cBOO
=952  \\$00$10$2ddc$40$6REF_1_000000000000000$70$8REF$917116$aORPH$bORPH$cKM12_1$d2021-08-30$oREF1$p20134060$r2021-01-12 00:00:00$w2021-01-12$yBOO
=999  \\$d17082

