=LDR  01234aam a2200193   4500
=001  17083
=005  20250109132728.0
=008  130820s1921\\\\\\\\\\\\\\\\\\\\\\0\e
=020  \\$aMOD1005758687
=041  \\$aeng
=100  \\$aSemon, Richard Wolfgang$4aut$918731
=245  \\$aThe mneme
=260  \\$aMinnesota$bFiliquarian Publishing LLC$c1921
=260  \\$bQontro$c1921
=300  \\$a304
=520  \\$aOriginally published in 1921. 
The Mneme by Richard Wolfgang Semon is presented here in a high quality paperback edition. This publication was produced from a professional scan of an original edition of the book, which can include imperfections from the original book or through the scanning process, and has been created from an edition which we consider to be of the best possible quality available. This popular classic work by Richard Wolfgang Semon is in the English language. The Mneme is highly recommended for those who enjoy the works of Richard Wolfgang Semon, and for those discovering the works of Richard Wolfgang Semon for the first time.
=942  \\$cBOO
=952  \\$00$10$2ddc$40$6PHI_SEMO_A$70$8PHI$917117$aORPH$bORPH$cKM12_3_2$d2021-08-10$g16.00$oPHI SEMO a$p20133527$r2021-01-12 00:00:00$w2021-01-12$yBOO
=999  \\$c17083$d17083

