=LDR  00815aam a2200205   4500
=001  17085
=005  20250925143304.0
=008  120717s1962\\\\\\\\\\\\\\\\\\\\\\0\fre
=020  \\$a9782070210978
=041  \\$afre
=100  \\$aButor, Michel$d1926-2016$4aut$1http://www.wikidata.org/entity/Q309716$916818
=245  \\$aMobile :$bétude pour une représentation des États-Unis
=260  \\$aParis$bGallimard$c1962
=300  \\$a333 pages
=648  \0$a20th Century (1901-2000)$1http://www.wikidata.org/entity/Q6927$920936
=650  \0$aPhilosophy$1http://www.wikidata.org/entity/Q5891$92357
=651  \0$aUSA$1http://www.wikidata.org/entity/Q30$943
=942  \\$cBOO
=952  \\$00$10$2ddc$40$6LIT_BUTO_A$70$8LIT$917119$aORPH$bORPH$cKM12_2_H$d2022-01-10$oLIT BUTO a$p20132921$r2021-01-12 00:00:00$w2021-01-12$yBOO
=999  \\$d17085

