=LDR  01515aam a2200169   4500
=001  17090
=005  20250120120014.0
=008  120330s2003\\\\\\\\\\\\\\\\\\\\\\0\\\\
=020  \\$a9789039108772
=100  \\$aScruton, Roger$4aut$915793
=245  \\$aModerne cultuur: Een gids voor kritische mensen
=260  \\$aKampen$bAgora$c2003
=300  \\$a192
=520  \\$aWe kunnen niet zonder traditie. Onze richtingloze moderne cultuur heeft weer een spiritueel houvast nodig. Dat is te vinden in traditie, zegt de toonaangevende conservatieve filosoof Roger Scruton in zijn boek Moderne cultuur. In dit boek bespreekt hij verschillende visies op de cultuur. Zelf neemt hij een duidelijk standpunt in: hij pleit voor 'hoge cultuur'- voor Wagner, Baudelaire, Manet - en verdedigt hartstochtelijk de omstreden stelling dat cultuur niet kan zonder religieuze ervaring, traditie en gemeenschapszin. Hij kruist de degens met cultuurrelativisten en met de 'kinderen' van de jaren zestig. Maar ook de meer alledaagse 'lage' cultuur ontkomt niet aan Scrutons scherpe en ironische pen. Voor een conservatief denker is hij opvallend goed op de hoogte van MTV, R.E.M., Nirvana, Oasis, technomuziek, porno en de snuff movie. De commercialisering van het moderne leven vertoont volgens hem nihilistische trekken, en - zo toont hij aan -ontwricht het sociale leven.

=942  \\$cBOO
=952  \\$00$10$2ddc$40$6PHI_SCRU_A$70$8PHI$917124$aORPH$bORPH$cKM12_3_2$d2021-08-18$oPHI SCRU a$p20133924$r2021-01-12 00:00:00$w2021-01-12$yBOO
=999  \\$c17090$d17090

