=LDR  00837aam a2200193   4500
=001  17093
=005  20250925143304.0
=008  131126s1930\\\\\\\\\\\\\\\\\\\\\\0\dut
=041  \\$adut
=100  \\$aMeulemans, Arthur$d1884-1966$4aut$1http://www.wikidata.org/entity/Q709355$918740
=245  \\$aModerne muziek
=260  \\$aBrussel$bStandaard$c1930
=300  \\$a42 pages
=490  \\$aKatholieke Vlaamsche Hoogeschooluitbreiding$vJaargang XXIX, NR. 2, Verhandeling 279.
=648  \0$a20th Century (1901-2000)$1http://www.wikidata.org/entity/Q6927$920936
=942  \\$cBOO
=952  \\$00$10$40$70$8COLL_UNK$917126$aORPH$bORPH$cLOC_UNK$d2021-01-12$l0$r2021-01-12 00:00:00$w2021-01-12$yBOO
=952  \\$00$10$2ddc$40$6GHM_7_000000000000000$70$8GHM$917127$aORPH$bORPH$cKM12_1$l0$oGHM 7$p20134993$r2021-01-12 00:00:00$w2021-01-12$yBOO
=999  \\$c17093$d17093

