=LDR  00730aam a2200205   4500
=001  17096
=005  20250925143304.0
=008  131113s1992\\\\\\\\\\\\\\\\\\\\\\0\\\\
=041  \\$aeng
=100  \\$4edt$4win$aBrooker, Peter$918758
=245  \\$aModernism/Postmodernism
=260  \\$aLonden$bLongman$c1992
=300  \\$a268 pages
=490  \\$aLongman Critical Readers
=648  \0$1http://www.wikidata.org/entity/Q6927$a20th Century (1901-2000)$920936
=650  \0$1http://www.wikidata.org/entity/Q5891$aPhilosophy$92357
=650  \0$1http://www.wikidata.org/entity/Q47783$aPostmodernism$923399
=942  \\$cBOO
=952  \\$00$10$2ddc$40$70$8PHI$917130$aORPH$bORPH$cLOC_UNK$d2021-01-12$l0$r2021-01-12 00:00:00$w2021-01-12$yBOO
=999  \\$d17096

