=LDR  03835aam a2200349   4500
=001  17097
=003  OSt
=005  20250925143304.0
=008  140220s2009\\\\\\\\\\\\\\\\\\\\\\0\eng
=020  \\$a9780754662600
=040  \\$cOI
=041  \\$aeng
=100  \\$4edt$aHeile, Björn$918756
=245  \\$aThe Modernist Legacy:$bEssays on New Music
=260  \\$aFarnham$bAshgate$c2009
=300  \\$a260 pages
=505  \\$aModernism's Moment of Plenitude / Andrew Timms -- Fields of Rubble: On the Poetics of Music after the Postmodern / John Croft -- Spectralism, Politics and the Post-Industrial Imagination / Eric Drott -- The Scream in Avant-Garde Music: The New Left and the Rediscovery of the Body / Beate Kutschke -- Verbal Discourse as Aesthetic Arbitrator in Contemporary Music -- Weltmusik and the Globalization of New Music / Björn Heile -- Temps perdu: Aldo Clementi and the Eclipse of Music as Praxis / David Osmond-Smith -- Feldmann-Beckett-Johns: Patterning, Memory and Subjectivity / Catherine Laws -- Brian Ferneyhough, 'Postmodern Modernist' / Lois Fitch -- The Electroacoustic Music of Henri Pousseur and the 'Open' Form / John Dack -- Self-Portrait with Boulez and Machaut (and Ligeti is there as well): Harrison Birtwistle's Hoquetus Petrus / Mark Delaere -- Local Polymetric Structures in Elliott Carter's 90+ for Piano (1994) / Ève Poudrier
=520  \\$aThis collection of essays offers a historical reappraisal of what musical modernism was, and what its potential for the present and future could be. It thus moves away from the binary oppositions that have beset twentieth-century music studies in the past, such as those between modernism and postmodernism, between conceptions of musical autonomy and of cultural contingency and between formalist-analytical and cultural-historical approaches. Focusing particularly on music from the 1970s to the 1990s, the volume assembles approaches from different perspectives to new music with a particular emphasis on a critical reassessment of the meaning and function of the legacy of musical modernism. The authors include scholars, musicologists and composers who combine culturally, socially, historically and aesthetically oriented approaches with analytical methods in imaginative ways.While the depiction of musical modernism that emerges is on the whole more positive than what has been prevalent in recent musicological discussions, this does not mean that the contributors are unanimous or uncritical. On the contrary, there is a considerable variety of viewpoints, including critiques of aspects of modernism, at times undertaken from positions that could be described as postmodernist. It is this kind of critical debate on modernism that the book intends to foster.
=600  \0$aClementi, Aldo$923082
=600  \0$aFeldman, Morton$d1926-1987$1http://www.wikidata.org/entity/Q316427$917012
=600  \0$aBeckett, Samuel$d1906-1989$1http://www.wikidata.org/entity/Q37327$923083
=600  \0$aJohns, Jasper$d-1930$1http://www.wikidata.org/entity/Q155057$923084
=600  \0$aFerneyhough, Brian$d1943-$1http://www.wikidata.org/entity/Q462291$923085
=600  \0$aPousseur, Henri$d1929-2009$1http://www.wikidata.org/entity/Q739405$917794
=600  \0$aBirtwistle, Harrison$d-1934$1http://www.wikidata.org/entity/Q354335$917735
=600  \0$aCarter, Elliott$d1908-2012$1http://www.wikidata.org/entity/Q318835$922493
=648  \0$a20th Century (1901-2000)$1http://www.wikidata.org/entity/Q6927$920936
=648  \0$a21st Century (2001-2100)$1http://www.wikidata.org/entity/Q6939$920812
=650  \0$aMusical analysis$1http://www.wikidata.org/entity/Q1544924$92775
=942  \\$cBOO
=952  \\$00$10$2ddc$40$6GHM_7_000000000000000$70$8GHM$917131$aORPH$bORPH$cKM12_1$d2021-11-25$g77.00$oGHM7$p20130748$r2021-01-12 00:00:00$w2021-01-12$yBOO
=999  \\$d17097

