=LDR  01445aam a2200229   4500
=001  17099
=003  OSt
=005  20250925143304.0
=008  120315s1994\\\\\\\\\\\\\\\\\\\\\\0\eng
=020  \\$a9780500202784
=040  \\$cOI
=041  \\$aeng
=100  \\$aGriffiths, Paul$4aut$918757
=245  \\$aModern Music:$bA Concise History
=260  \\$aSingapore$bThames & Hudson$c1994
=300  \\$a216 pages
=520  \\$aBeginning at the threshold of the modern era, with the late Romanticism of Debussy and Mahler, the author traces the new directions of music through composers such as Alban Berg and Anton Webern, Charles Ives, Edgard Varese and Olivier Messiaen, Karlheinz Stockhausen, Pierre Boulez, Philip Glass and Elliott Carter. The various paths are made clear by a concentration on the major works and turningpoints in the music of our time: the new rhythmic force that came in with The Rite of Spring, the unbounded universe of Schoenberg's atonality, the undreamed-of possibilities opened up by electronics, the role of chance in the music of John Cage and the astonishing diversity of minimalism.

=648  \0$a20th Century (1901-2000)$1http://www.wikidata.org/entity/Q6927$920936
=650  \0$aMusic history$1http://www.wikidata.org/entity/Q846047$921373
=942  \\$cBOO
=952  \\$00$10$2ddc$40$6GHM_7_000000000000000$70$8GHM$917133$aORPH$bORPH$cKM12_1$d2022-08-30$l0$oGHM7$p20130737$r2021-01-12 00:00:00$w2021-01-12$yBOO
=999  \\$d17099

