=LDR  00822aam a2200169   4500
=001  17103
=005  20250120120014.0
=008  121210s1994\\\\\\\\\\\\\\\\\\\\\\0\\\\
=020  \\$a9781856194730
=100  \\$aScruton, Roger$4aut$915793
=245  \\$aModern Philosophy: An introduction and survey
=260  \\$aLondon$bSinclair-Stevenson$c1994
=300  \\$a611
=520  \\$aPhilosopher Roger Scruton offers a wide-ranging perspective on philosophy, from logic to aesthetics, written in a lively and engaging way that is sure to stimulate debate. Rather than producing a survey of an academic discipline, Scruton reclaims philosophy for worldly concerns
=942  \\$cBOO
=952  \\$00$10$2ddc$40$6PHI_SCRU_A$70$8PHI$917137$aORPH$bORPH$cKM12_3_2$d2021-08-18$oPHI SCRU a$p20133922$r2021-01-12 00:00:00$w2021-01-12$yBOO
=999  \\$c17103$d17103

