=LDR  01189aam a2200193   4500
=001  17104
=005  20230123103716.0
=008  120913s1992\\\\\\\\\\\\\\\\\\\\\\0\e
=020  \\$a9780582063570
=041  \\$aeng
=100  \\$aBrooker, Peter$4aut$918758
=245  \\$aModern / Postmodern
=260  \\$aLondon$bLongman$c1992
=300  \\$a268
=520  \\$aThe concepts of 'Modernism' and 'Postmodernism' constitute the single most dominant issue of twentieth-century literature and culture and are the cause of much debate. In this influential volume, Peter Brooker presents some of the key viewpoints from a variety of major critics and sets these additionally alongside challenging arguments from Third World, Black and Feminist perspectives. His excellent Introduction and detailed headnotes for each section and essay provide an indispensable guide to interpreting the many different opinions, and prove to be valuable contributions in their own right.

=490  \\$aLongman critical readers
=942  \\$cBOO
=952  \\$00$10$2ddc$40$6PHI_0_000000000000000_BROO$70$8PHI$917138$aORPH$bORPH$cKM12_3_2$d2021-08-18$g11.00$oPHI0 BROO$p20134007$r2021-01-12 00:00:00$w2021-01-12$yBOO
=999  \\$c17104$d17104

