=LDR  00487aam a2200157   4500
=001  17111
=005  20250109132728.0
=008  150521s1950\\\\\\\\\\\\\\\\\\\\\\0\f
=041  \\$afre
=100  \\$aLachièze-Rey, Pierre$4aut$918764
=245  \\$aLe moi le monde et dieu
=260  \\$aParis$bAubier$c1950
=300  \\$a252
=942  \\$cBOO
=952  \\$00$10$2ddc$40$6PHI_LACH_A$70$8PHI$917145$aORPH$bORPH$cKM12_3_2$d2021-08-10$oPHI LACH a$p20133474$r2021-01-12 00:00:00$w2021-01-12$yBOO
=999  \\$c17111$d17111

