=LDR  00805aam a2200205   4500
=001  17119
=005  20250121142132.0
=008  170214s1954\\\\\\\\\\\\\\\\\\\\\\0\ger
=041  \\$ager$hfre
=100  \\$aLeibniz, Gottfried Wilhelm$d1646-1716$4aut$1http://www.wikidata.org/entity/Q9047$97732
=245  \\$aMonadologie
=260  \\$aStuttgart$bReclam$c1954
=300  \\$a67 pages
=534  \\$aOriginally published in 1714
=648  \0$a18th Century (1701-1800)$1http://www.wikidata.org/entity/Q7015$920899
=650  \0$aPhilosophy$1http://www.wikidata.org/entity/Q5891$92357
=651  \0$aGermany$1http://www.wikidata.org/entity/Q183$9155
=942  \\$cBOO
=952  \\$00$10$2ddc$40$6PHI_LEIB_A$70$8PHI$917153$aORPH$bORPH$cKM12_2_H$d2021-08-11$oPHI LEIB a$p20133802$r2021-01-12 00:00:00$w2021-01-12$yBOO
=999  \\$d17119

