=LDR  00542aam a2200169   4500
=001  17120
=005  20230123103717.0
=008  150520s1976\\\\\\\\\\\\\\\\\\\\\\0\f
=020  \\$a9024717957
=041  \\$afre
=100  \\$aPatocka, Jan$4aut$918765
=245  \\$aLe monde naturel comme problème philosophique
=260  \\$aThe Hague$bMartinus Nijhoff$c1976
=300  \\$a181
=942  \\$cBOO
=952  \\$00$10$2ddc$40$6PHI_PATO_A$70$8PHI$917154$aORPH$bORPH$cKM12_3_2$d2021-08-17$oPHI PATO a$p20133868$r2021-01-12 00:00:00$w2021-01-12$yBOO
=999  \\$c17120$d17120

