=LDR  00792aam a2200169   4500
=001  17123
=005  20230123103718.0
=008  171123r19821963\\\\\\\\\\\\\\\\\\0\eng
=041  \\$aeng
=100  \\$aHarrison, Gregory Alexander Jr.$4aut$918775
=245  \\$aThe monophonic music in the roman de Fauvel
=260  \\$aMichigan$bUniversity microfilms international$c1982 (1963)
=300  \\$a580 pages
=520  \\$aA dissertation submitted to the department of music and the committee on the graduate division of Stanford University in partial filfillment of the requirements for the degree of doctor of philosophy. 1963
=942  \\$cDIS
=952  \\$00$10$2ddc$40$6MTP_5_000000000000000_HARR$70$8MTP$917157$aORPH$bORPH$cKM12_1$d2021-08-31$oMTP5 HARR$p20134098$r2021-01-12 00:00:00$w2021-01-12$yDIS
=999  \\$d17123

