=LDR  00718aam a2200181   4500
=001  17131
=005  20250109132729.0
=008  171012s2013\\\\\\\\\\\\\\\\\\\\\\0\dut
=020  \\$a9789490693701
=041  \\$adut
=100  \\$aGestel, Kristof van$4aut$918780
=245  \\$aMooi is nuttig: de kunstpraktijk als ervarings- en reflectiemodel
=260  \\$aGent$bAraMER$c2013
=300  \\$a229 pages$etekensjabloon
=520  \\$adoctoraatsonderzoek 'Zelfcreatie: Een postproductie' (2007-2013)  aan KASK/School of Arts Hogeschool Gent
=942  \\$cDIS
=952  \\$00$10$2ddc$3Varia : 1$40$6MTP_5_000000000000000_GEST$70$8MTP$917165$aORPH$bORPH$cKM12_1$d2021-08-31$oMTP5 GEST$p20134087$r2021-01-12 00:00:00$w2021-01-12$yDIS
=999  \\$d17131

