=LDR  01386acm a2200265   4500
=001  17138
=005  20251023165457.0
=008  171129s1986\\\\\\\\\\\\\\\\\\\\\\0\mul\d
=041  \\$afre$ager$aeng
=059  \\$avv bc
=100  \\$4cmp$aCampra, André$d1660-1744$1http://www.wikidata.org/entity/Q313860$95039
=100  \\$4edt$aSaint-Arroman, Jean$918782
=245  \\$aMotets à I, II et III voix avec la basse continue
=260  \\$aFrance$bJ. M. Fuzeau$c1986
=300  \\$a10-111 pages
=490  \\$aLa musique française classique de 1650 à 1800
=648  \0$a18th Century (1701-1800)$1http://www.wikidata.org/entity/Q7015$920899
=650  \0$aMotet$1http://www.wikidata.org/entity/Q188285$92028
=650  \0$aVoice$1http://www.wikidata.org/entity/Q7390$925199
=651  \0$aParis (France)$1http://www.wikidata.org/entity/Q90$9160
=942  \\$cSCO
=952  \\$00$10$2ddc$3Livre premier$40$6SCO_CAMP$70$8SCO$917172$aORPH$bORPH$cKTS1_P$d2025-10-23$l0$oSCO CAMP$p20134596$r2021-01-12 00:00:00$w2021-01-12$ySCO
=952  \\$00$10$2ddc$3Livre premier$40$6SCO_CAMP$70$8SCO$928018$aORPH$bORPH$cKTS1_P$d2020-09-25$eExlibris Ton Koopman$l0$oSCO CAMP$p20124755$r2025-10-23 16:41:25$w2021-01-12$ySCO
=952  \\$00$10$2ddc$3Livre second$40$6SCO_CAMP$70$8SCO$928019$aORPH$bORPH$cKTS1_P$d2020-09-25$eExlibris Ton Koopman$l0$oSCO CAMP$p20124754$r2025-10-23 16:48:27$w2021-01-12$ySCO
=999  \\$d17138

