=LDR  00855acm a2200205   4500
=001  17139
=005  20250120120150.0
=008  171219s1965\\\\\\\\\\\\\\\\\\\\\\0\eng
=041  \\$aeng$dlat
=100  \\$4edt$aGünther, Ursula$918733
=245  \\$aThe Motets of the Manuscripts Chantilly, Musée Condé, 564 (olim 1047) and Modena, Biblioteca estense, αM. 5, 24 (olim lat. 568)
=250  \\$a1st ed.
=260  \\$bAmerican Institute of Musicology$c1965
=300  \\$alxv-70 pages
=490  \\$aCorpus Mensurabilis Musicæ$v39
=648  \0$aMiddle Ages (500-1400)$1http://www.wikidata.org/entity/Q12554$920964
=650  \0$aVocal music$1http://www.wikidata.org/entity/Q685884$93319
=942  \\$cSCO
=952  \\$00$10$2ddc$40$6SCO_MISC_GUNT$70$8SCO$917173$aORPH$bORPH$cKTS1_H$d2022-08-31$l0$oSCO MISC GUNT$p20134518$r2021-01-12 00:00:00$w2021-01-12$ySCO
=999  \\$d17139

