=LDR  01510aam a2200193   4500
=001  17146
=005  20250109132729.0
=008  191003s2013\\\\\\\\\\\\\\\\\\\\\\0\e
=020  \\$a9789027213563
=041  \\$aeng
=100  \\$4edt$aDe Preester, Helena$eEditor$918785
=245  \\$aMoving Imagination: Explorations of Gesture and Inner Movement
=260  \\$aAmsterdam; Philadelphia$bJohn Benjamins$c2013
=300  \\$a320
=490  \\$aAdvances in Consciousness Research$v89
=520  \\$aThis volume brings together contributions by philosophers, art historians and artists who discuss, interpret and analyse the moving and gesturing body in the arts. Broadly inspired by phenomenology, and taking into account insights from cognitive science, the contribution of the motor body in watching a film, attending a dance or theatre performance, looking at paintings or drawings, and listening to music is explored from a diversity of perspectives. This volume is intended for both the specialist and non-specialist in the fields of art, philosophy and cognitive science, and testifies to the burgeoning interest for the moving and gesturing body, not only in the creation but also in the perception of works of art. Imagination is tied to our capacity to silently resonate with the way a work of art has been or is created.
=942  \\$cBOO
=952  \\$00$10$2ddc$40$6VIS_PREE$70$8VIS$917180$aORPH$bORPH$cKTS1_H$d2022-09-20$g114.00$l0$oVIS PREE$p20135987$r2021-01-12 00:00:00$w2021-01-12$xWater damage$yBOO
=999  \\$c17146$d17146

