=LDR  01590aam a2200277   4500
=001  17147
=005  20250627092023.0
=008  111129s2006\\\\\\\\\\\\\\\\\\\\\\0bdut\d
=020  \\$a9081039717
=041  \\$adut
=245  \\$aMozart 06
=260  \\$aBruges$bConcertgebouw$c2006
=300  \\$a255 pages
=520  \\$aMOZART 06 was het programmaboek van het Concertgebouw Seizoen 06 rond de gelijknamige componist. 

Het boek biedt naast programmatoelichtingen en biografieën ook diepgravende artikels en essays. Het Concertgebouw hecht groot belang aan het verschaffen van achtergrond en duiding bij de concerten en andere voorstellingen, en investeert daarom bewust in dit type publicaties.
=600  \0$aMozart, Wolfgang Amadeus$d1756-1791$1http://www.wikidata.org/entity/Q254$95341
=610  \0$aConcertgebouw (Bruges, Belgium)$1http://www.wikidata.org/entity/Q1867854$940467
=648  \0$a18th Century (1701-1800)$1http://www.wikidata.org/entity/Q7015$920899
=650  \0$aComposer$1http://www.wikidata.org/entity/Q36834$93625
=650  \0$aLegacy$1http://www.wikidata.org/entity/Q623282$922131
=650  \0$aFestival book$1http://www.wikidata.org/entity/Q17590416$922319
=651  \0$aAustria$1http://www.wikidata.org/entity/Q40$9202
=700  \\$aBergé, Pieter$1http://www.wikidata.org/entity/Q102322746$4aut$915991
=700  \\$aBossuyt, Ignace$1http://www.wikidata.org/entity/Q2419781$4aut$916619
=942  \\$cBOO
=952  \\$00$10$2ddc$40$6BIO_MOZA1_DF$70$8BIO$917181$aORPH$bORPH$cKTS1_P$d2021-10-19$oBIO MOZA1 d-->f$p20130483$r2021-01-12 00:00:00$w2021-01-12$yBOO
=999  \\$d17147

