=LDR  01581aam a2200301   4500
=001  17148
=005  20250205110320.0
=008  180426s\\\\\\\\\\\\\\\\\\\\\\\\\\0\e
=020  \\$a5730001193
=100  \\$4aut$aPushkin, Alexander$d1799-1837$1http://www.wikidata.org/entity/Q7200$918786
=100  \\$aWhittaker, Graham$918789
=245  \\$aMozart and Salieri
=260  \\$aSaint Petersburg$bAurora$c1988
=300  \\$a23+18
=520  \\$a'Mozart and Salieri' is a poetic drama by Alexander Pushkin, written in 1830 as one of his four short plays known as 'The Little Tragedies'. Based on one of the numerous rumours caused by the early death of Mozart, it was the only one of Pushkin's plays that was staged during his lifetime.
=534  \\$aOriginally published in 1832, with English translation originally published in 1917
=600  \0$aMozart, Wolfgang Amadeus$d1756-1791$1http://www.wikidata.org/entity/Q254$95341
=600  \0$aSalieri, Antonio$d1750-1825$1http://www.wikidata.org/entity/Q51088$96337
=648  \0$a19th Century (1801-1900)$1http://www.wikidata.org/entity/Q6955$920935
=650  \0$aPlay (theater)$1http://www.wikidata.org/entity/Q25379$921414
=650  \0$aComposer$1http://www.wikidata.org/entity/Q36834$93625
=700  \\$aVrubel, Mikhail$918787
=700  \\$aJohnston, Charles$918788
=700  \\$aWhittaker, Graham$918789
=765  \\$aМо́царт и Салье́ри
=942  \\$cBOO
=952  \\$00$10$2ddc$40$6LIT_PUSH_A$70$8LIT$917182$aORPH$bORPH$cKM12_2_H$d2022-09-07$l0$oLIT PUSH a$p20130154$r2021-01-12 00:00:00$w2021-01-12$yBOO
=999  \\$d17148

