=LDR  03323aam a2200349   4500
=001  17149
=005  20250205110320.0
=008  161024s2005\\\\\\\h\\\\\\\\\\\\\\idger
=020  \\$a9783423590761
=041  \\$ager
=100  \\$4crp$aMozart, Wolfgang Amadeus$d1756-1791$1http://www.wikidata.org/entity/Q254$95341
=245  \\$aBriefe und Aufzeichnungen
=260  \\$aMünchen$bdtv Verlagsgesellschaft$aKassel$bBärenreiter$c2005
=300  \\$a8 vols. (534+555+631+539+631+728+645+157 pages)
=520  \\$a»Kopf und Hände sind mir so von dem dritten Ackte voll, daß es kein Wunder wäre, wenn ich selbst zu einem dritten Ackt würde.« (Mozart an seinen Vater, 3.1.1781, über Idomeneo)

Zum 250. Geburtstag von Wolfgang Amadeus Mozart, dem wohl größten musikalischen Genie aller Zeiten, erscheint endlich die Gesamtausgabe der Briefe und Aufzeichnungen im Taschenbuch. 

Neu aufgefundene Briefe und ein aktuelles Vorwort des Musikwissenschaftlers Ulrich Konrad komplettieren diese Ausgabe. Sie umfasst die gesamte Korrespondenz Mozarts und seiner Familie  beginnend 1755 mit Briefen des Vaters Leopold an seinen Augsburger Verleger Lotter, endend mit dem Testament von Mozarts Frau Constanze und Briefen seines Sohnes  sowie die Aufzeichnungen, also Tagebücher, Reisenotizen, Werkverzeichnisse, Stammbucheintragungen.

Dem Leser erschließt sich so von innen heraus Mozarts Leben, Kommentar und Register.
=610  \0$aMozart family$1http://www.wikidata.org/entity/Q18574758$922340
=648  \0$a18th Century (1701-1800)$1http://www.wikidata.org/entity/Q7015$920899
=650  \0$aComposer$1http://www.wikidata.org/entity/Q36834$93625
=650  \0$aCorrespondence$1http://www.wikidata.org/entity/Q1784733$921392
=651  \0$aAustria$1http://www.wikidata.org/entity/Q40$9202
=700  \\$4edt$aDeutsch, Otto Erich$d1883-1967$910702
=700  \\$4edt$aBauer, Wilhelm A.$918791
=942  \\$cBOO
=952  \\$00$10$2ddc$3Band I: 1756-1776$40$6BIO_MOZA1_A$70$8BIO$917183$aORPH$bORPH$cKTS1_P$d2021-12-26$oBIO MOZA1 a$p20116217$r2021-01-12 00:00:00$w2021-01-12$yBOO
=952  \\$00$10$2ddc$3Band II: 1777-1779$40$6BIO_MOZA1_A$70$8BIO$917184$aORPH$bORPH$cKTS1_P$d2021-12-26$oBIO MOZA1 a$p20116218$r2021-01-12 00:00:00$w2021-01-12$yBOO
=952  \\$00$10$2ddc$3Band III: 1780-1786 $40$6BIO_MOZA1_A$70$8BIO$917185$aORPH$bORPH$cKTS1_P$d2021-12-26$oBIO MOZA1 a$p20116219$r2021-01-12 00:00:00$w2021-01-12$yBOO
=952  \\$00$10$2ddc$3Band IV: 1787-1857 $40$6BIO_MOZA1_A$70$8BIO$917186$aORPH$bORPH$cKTS1_P$d2021-12-26$oBIO MOZA1 a$p20116220$r2021-01-12 00:00:00$w2021-01-12$yBOO
=952  \\$00$10$2ddc$3Band VIII: Einführung und Ergänzungen $40$6BIO_MOZA1_A$70$8BIO$917187$aORPH$bORPH$cKTS1_P$d2021-12-26$oBIO MOZA1 a$p20116224$r2021-01-12 00:00:00$w2021-01-12$yBOO
=952  \\$00$10$2ddc$3Band VII: Register$40$6BIO_MOZA1_A$70$8BIO$917188$aORPH$bORPH$cKTS1_P$d2021-12-26$oBIO MOZA1 a$p20116223$r2021-01-12 00:00:00$w2021-01-12$yBOO
=952  \\$00$10$2ddc$3Band VI: Kommentar III/IV 1780-1857 $40$6BIO_MOZA1_A$70$8BIO$917189$aORPH$bORPH$cKTS1_P$d2021-12-26$oBIO MOZA1 a$p20116222$r2021-01-12 00:00:00$w2021-01-12$yBOO
=952  \\$00$10$2ddc$3Band V: Kommentar I/II 1755-1779 $40$6BIO_MOZA1_A$70$8BIO$917190$aORPH$bORPH$cKTS1_P$d2021-12-26$oBIO MOZA1 a$p20116221$r2021-01-12 00:00:00$w2021-01-12$yBOO
=999  \\$d17149

