=LDR  02376aam a2200205   4500
=001  17159
=005  20250120120102.0
=008  120315s2005\\\\\\\\\\\\\\\\\\\\\\0\ger
=020  \\$a9783701730001
=041  \\$ager
=100  \\$aHarnoncourt, Nikolaus$d1929-2016$4aut$1http://www.wikidata.org/entity/Q78526$917150
=245  \\$aMozart-Dialoge: Gedanken zur Gegenwart der Musik
=260  \\$aSalzburg$bResidenz$c2005
=300  \\$a367 pages
=520  \\$aDer vorliegende Band versammelt Texte, Reden, Gespräche von Nikolaus Harnoncourt aus mehr als zwei Jahrzehnten. Viele der Beiträge sind Momentaufnahmen aktueller Arbeitserfahrungen, die sich auch in den Interviews zum Musikleben der 1990er und 2000er Jahre widerspiegeln. Sie bieten interessante Einblicke in die Überlegungen und die Arbeitsweise eines Interpreten, die wesentlich dazu beigetragen hat, die Werke Mozarts zu''entschlacken , um sie für den heutigen Hörer neu zu erschließen.In zahlreichen Gesprächen mit Musikjournalisten entfaltet der Dirigent, ausübende Musiker und Wissenschaftler seine Vorstellungen von einer möglichst werkgerechten Interpretation. Er weist auf die Schwierigkeiten hin, die sich aus der Aufführung historischer Musik ergeben. Am Beispiel seiner Erfahrungen mit den Werken Mozarts zeigt er deren Vielschichtigkeit und dramatische Spannung auf und trägt dadurch zu einem tieferen Verständnis der Werke des Musikgenies bei. Eingebettet sind diese Mozart-Dialoge in eine Analyse der kulturellen Situation unserer Zeit. Viele seiner Gespräche kreisen hier um die Begriffe Werktreue, Authentizität und Modeströmungen.
Harnoncourt unterstreicht die eminente Bedeutung der Kunst im Allgemeinen wie der Musik im Besonderen für die Entfaltung und Bewahrung menschlich-moralischer Werte: "Ein Computer kann nicht musizieren, er kann auch nicht lieben". "Ich bin keiner, der zustimmt. Das kann ich erst dann, wenn ich auch die Gegenposition bedacht habe. Ich habe auch gern selbst Widerspruch - ich brauche jemanden, der meine Gedanken in Frage stellt." (Nikolaus Harnoncourt
=700  \\$4edt$aFürstauer, Johanna$920461
=942  \\$cBOO
=952  \\$00$10$2ddc$40$6TRE_HARN$70$8TRE$917193$aORPH$bORPH$cKTS1_H$d2021-08-10$l1$oTRE HARN$p20134849$r2021-08-10 00:00:00$s2021-07-12$w2021-01-12$yBOO
=999  \\$c17159$d17159
=650  \0$aMusic criticism$1http://www.wikidata.org/entity/Q11748889$921598

