=LDR  01512aam a2200205   4500
=001  17168
=005  20250120120016.0
=008  150414s2010\\\\\\\\\\\\\\\\\\\\\\0\ger
=020  \\$a9783882216165
=041  \\$ager
=100  \\$aHan, Byung-Chul$d1959-$4aut$1http://www.wikidata.org/entity/Q495875$915738
=245  \\$aMüdigkeitsgesellschaft
=260  \\$aBerlin$bMatthes & Seitz$c2010
=300  \\$a70 pages
=520  \\$aDerzeit vollzieht sich unbemerkt ein Paradigmenwechsel. Die Gesellschaft der Negativität weicht einer Gesellschaft, die von einem Übermaß an Positivität beherrscht ist. Ausgehend von diesem Paradigmenwechsel zeichnet Han die pathologische Landschaft der heutigen Gesellschaft, zu der neuronale Erkrankungen wie Depression, Aufmerksamkeitsdefizitsyndrom, Borderline oder Burnout gehören. Sie sind keine Infektionen, sondern Infarkte, die nicht durch die Negativität des immunologisch Anderen, sondern durch ein Übermaß an Positivität bedingt sind. So entziehen sie sich jeder immunologischen Technik der Prophylaxe und Abwehr. Hans Analyse mündet am Ende in die Vision einer Gesellschaft, die er in beabsichtigter Ambivalenz ?Müdigkeitsgesellschaft? nennt.
=648  \0$a21st Century (2001-2100)$1http://www.wikidata.org/entity/Q6939$920812
=650  \0$aPhilosophy$1http://www.wikidata.org/entity/Q5891$92357
=942  \\$cBOO
=952  \\$00$10$2ddc$40$6PHI_HAN_A$70$8PHI$917202$aORPH$bORPH$cKM12_3_2$d2021-07-29$g9.00$oPHI HAN a$p20132790$r2021-01-12 00:00:00$w2021-01-12$yBOO
=999  \\$d17168

