=LDR  01667aam a2200193   4500
=001  17172
=005  20250620103500.0
=008  150424s2014\\\\\\\\\\\\\\\\\\\\\\0\eng
=041  \\$aeng
=100  \\$aParra Cancino, Juan$4aut$1https://orcid.org/0000-0002-9793-6539$916990
=245  \\$aMultiple paths: Towards a performance practice in computer music
=260  \\$aGent$bJuan Parra$c2014
=300  \\$a136 pages
=500  \\$aProefschrift ter verkrijging van de graad van Doctor aan de Universiteit Leiden op gezag van de Rector Magnificus prof. mr. C.J.J.M. Stolker, volgens besluit van het College voor promoties te verdedigen op 2 december 2014.


=520  \\$aMultiple Paths represents the first effort of the Orpheus Institute to expand its current channels of dissemination for artistic research through outcomes that aim to bridge the gap between academic publications and artistic products.

The musical component of this volume, a collaboration between Juan Parra Cancino and Ensemble Modelo62, showcases aspects of Parras research interests, focusing on the study and development of a performance practice in Computer Music.

The accompanying texts by Sandeep Bhagwati, Bob Gilmore and Juan Parra seek to provide an insight on the questions and materials around the works presented in this research output publication.
=942  \\$cDIS
=952  \\$00$10$2ddc$40$6MTP_5_000000000000000_PARR$70$8MTP$917207$aORPH$bORPH$cKM12_1$d2021-08-31$oMTP5 PARR$p20131375$r2021-01-12 00:00:00$w2021-01-12$yDIS
=952  \\$00$10$2ddc$40$6MTP_5_000000000000000_PARR$70$8MTP$917208$aORPH$bORPH$cKM12_1$d2021-08-31$oMTP5 PARR$p20131376$r2021-01-12 00:00:00$w2021-01-12$yDIS
=999  \\$d17172

