=LDR  00916aam a2200205   4500
=001  17174
=005  20250109133514.0
=008  200612s2013\\\\\\\o\\\\\\\\\\\\\\0\eng\d
=020  \\$a9789033491917
=041  \\$aeng
=100  \\$4aut$aKnoops, Rudi$918799
=245  \\$aMultiple voice/vision:$ban inquiry into possible forms of interaction and remediation in and between musical polyphony and audivisual form
=260  \\$aLeuven$bAcco$c2013
=300  \\$a64 pages
=490  \\$aCahiers van het OPAK$v27
=520  \\$aMULTIPLE voice/vision. An inquiry into possible forms of interaction and remediation in and between musical polyphony and audiovisual form
=650  \0$aArtistic research$1http://www.wikidata.org/entity/Q20827087$921804
=942  \\$cBOO
=952  \\$00$10$2ddc$40$6MTP_3_000000000000000_KNOO$70$8MTP$917210$aORPH$bORPH$cKM12_1$d2022-05-12$oMTP3 KNOO$p20138840$r2021-01-12 00:00:00$w2021-01-12$yBOO
=999  \\$d17174

