=LDR  01537aam a2200193   4500
=001  17186
=005  20250120120026.0
=008  190611s1988\\\\\\\\\\\\\\\\\\\\\\0\eng
=041  \\$aeng
=245  \\$aMusica Disciplina: a Yearbook of the History of Music.$bScribal design in the compilation of Ivrea MS. 115
=260  \\$bAmerican Institute of Musicology; Hänssler-Verlag$c1988
=300  \\$a28 pages
=490  \\$aMusica Disciplina$vvol.42
=520  \\$aThe yearbook Musica Disciplina is devoted to the scholarly exploration of early music. In keeping with the title of its first volume (1946), the Journal of Renaissance and Baroque Music, MD seeks to publish in its traditional area of focus studies on Medieval and Renaissance music, but it also invites submissions on music of the seventeenth century. The editor and editorial board encourage submissions of articles on any topic in this broad period. Both traditional and newer approaches are welcomed equally, including, but not limited to, aesthetics and criticism, analytical contributions, archival research, cultural and contextual studies, the history of theory, organology and iconography, performance practices, and source studies. Submissions in English, French, German, Spanish, or Italian are encouraged.
=700  \\$4aut$aTomasello, Andrew$918821
=700  \\$4edt$aCarapetyan, Armen$915917
=942  \\$cBOO
=952  \\$00$10$2ddc$40$6REF_3_000000000000000_TOMA$70$8REF$917222$aORPH$bORPH$cKM12_1$d2021-08-24$oREF3 TOMA$p20134352$r2021-01-12 00:00:00$w2021-01-12$yBOO
=999  \\$d17186

