=LDR  01962aam a2200229   4500
=001  17187
=005  20250120120333.0
=008  161122s1978\\\\\\\\\\\\\\\\\\\\\\0\ger
=020  \\$a9783534253075
=041  \\$ager$alat$hlat
=100  \\$4aut$aDescartes, René$d1596-1650$1http://www.wikidata.org/entity/Q9191$95525
=245  \\$aRenatus Descartes:$bLeitfaden der Musik
=260  \\$aDarmstadt$bWissenschaftliche Buchgesellschaft$c1978
=300  \\$a79 pages
=520  \\$aDescartes' Jugendwerk Musicae Compendium oder zu Deutsch: Leitfaden der Musik liegt hier in einer wunderschönen Ausgabe vor, die eine synoptische Gegenüberstellung des Druckbilds von 1618 und der modern gesetzten Übersetzung bietet. Durch einen einleitenden Kommentar sowie erläuternde Anmerkungen zum Text der deutschsprachigen Übersetzung, besorgt vom Komponisten Johannes Brockt, ist die mittlerweile zum Standardwerk avancierte WBG-Ausgabe weiterhin unverzichtbar.
Das Buch enthält kluge Bemerkungen, die einige Theorien vorwegnehmen, die sich im Bereich der Musiklehre erst viel später etabliert haben (wie z.B. die klassische Periodentheorie). Auch andere Abschnitte, wie z.B. das Traktat über die Obertöne oder Descartes Gedanken zur Synkope und zum Konsonanzcharakter der Terz, wirken aus heutiger Sicht hochgradig originell und fortschrittlich.
Die vorliegende Schmuckausgabe ist in Leinen gebunden und geprägt und ist somit auch optisch und haptisch ein Genuss.
=648  \0$a17th Century (1601-1700)$1http://www.wikidata.org/entity/Q7016$920923
=650  \0$aMusic theory$1http://www.wikidata.org/entity/Q193544$92662
=700  \\$4trl$4edt$aBrockt, Johannes$918822
=942  \\$cBOO
=952  \\$00$10$2ddc$40$6TRE_DESC$70$8TRE$917223$aORPH$bORPH$cKTS1_H$l0$oTRE DESC$p20134825$r2021-01-12 00:00:00$w2021-01-12$yBOO
=952  \\$00$10$2ddc$40$6TRE_DESC$70$8TRE$918694$aORPH$bORPH$cKTS1_H$d2016-11-06$g2.84$oTRE DESC$p20132935$r2021-01-12 00:00:00$w2021-01-12$yBOO
=999  \\$d17187

