=LDR  00964aam a2200217   4500
=001  17191
=005  20250120120038.0
=008  141013s1981\\\\\\\\\\\\\\\\\\\\\\0\lat
=020  \\$a978-3-7696-9993-7
=041  \\$alat
=100  \\$4edt$aSchmid, Hans$d1920-$914962
=245  \\$aMusica et scolica enchiriadis:$bUna cum aliquibus tractatulis adiunctis
=260  \\$aMunich$bBayerische Akademie der Wissenschaften$c1981
=300  \\$a308 pages
=490  \\$aVeröffentlichungen der Musikhistorische Kommission$v3
=590  \\$aRecensio nova post Gerbertinam altera as fidem omnium codicum manuscriptorum
=648  \0$aMiddle Ages (500-1400)$1http://www.wikidata.org/entity/Q12554$920964
=650  \0$aMusic theory$1http://www.wikidata.org/entity/Q193544$92662
=942  \\$cBOO
=952  \\$00$10$2ddc$40$6TRE_MUSI$70$8TRE$917227$aORPH$bORPH$cKTS1_H$d2022-08-12$g75.00$l1$oTRE MUSI$p20114931$q2021-09-06$r2021-03-12 00:00:00$s2021-03-12$w2021-01-12$yBOO$Vamazon.de
=999  \\$d17191

