=LDR  01804aam a2200229   4500
=001  17195
=008  190708s1993\\\\-ukag\\\\\\\\\\\\\0\eng
=020  \\$a9780521308304
=041  \\$aeng$hger
=245  \\$aMusica getutscht:$bA Treatise on Musical Instruments by Sebastian Virdung
=260  \\$aCambridge$bCambridge University Press$c1993
=300  \\$a275 pages
=490  \\$aCambridge Musical Texts and Monographs
=500  \\$aModern English edition of Virdung's Musica getutscht (1511)
=520  \\$aMusica getutscht (Basel, 1511) is the earliest printed treatise on musical instruments in the West. Written by a priest and chapel singer named Sebastian Virdung, it provided rudimentary instruction on playing three instruments: the clavichord, the lute and the recorder. This early 'do-it-yourself' manual of instruction not only tells us about music-making in that era, it also illumines other aspects of society in the years just before the Reformation. Its author communicates in a popular style, choosing a mixture of media: a written text in the guise of an informal conversation, coupled with woodcut illustrations and visual aids. Enthusiasts of early music and its performance as well as historians of art, society and the German language will welcome Beth Bullard's substantial introduction and annotations, which help explain the text of this important work and its place in intellectual history.
=648  \0$a16th Century (1501-1600)$1http://www.wikidata.org/entity/Q7017$920944
=650  \0$aOrganology$1http://www.wikidata.org/entity/Q899293$921400
=700  \\$4edt$aBullard, Beth$918829
=700  \\$4trl$aBullard, Beth$918829
=942  \\$cBOO
=952  \\$00$10$2ddc$40$6INS_1A$70$8INS$917231$aORPH$bORPH$cKTS0$d2021-09-28$oINS1a$p20130103$r2021-01-12 00:00:00$w2021-01-12$yBOO
=999  \\$d17195

