=LDR  01952aam a2200217   4500
=001  17196
=005  20250109133354.0
=008  190819s1994\\\\\\\\\\\\\\\\\\\\\\0\eng
=020  \\$a9780521366403
=041  \\$aeng
=100  \\$4aut$aHettrick, William E.$918830
=245  \\$aThe 'Musica instrumentalis deudsch' of Martin Agricola
=260  \\$aCambridge$bCambridge University Press$c1994
=300  \\$a194 pages
=490  \\$aCambridge Musical Texts and Monographs
=520  \\$aMartin Agricola (1486-1556) was an important early Lutheran musician and teacher from Saxony and his treatises were intended as textbooks in musical performance. Highly illustrated, they give practical instruction on a number of musical instruments, showing methods of fingering, tuning and notation. As such they are valuable sources of information about the study and performance of music in Germany in the early sixteenth century. The first Musica instrumentalis deudsch, written mostly in rhymed German verse and containing woodcut diagrams and depictions of musical instruments, appeared in 1529. It was modelled on the Musica getutscht (Basel 1511) of Sebastian Virdung, copying many of the woodcuts found in the earlier work and redefining its classification of musical instruments. A revised and almost completely rewritten edition of Agricola's treatise was published in 1545.

This is the first translated, modern edition of this famous treatise on musical instruments
It is very important for all those interested in performance practice, playing on early instruments and 'authenticity'
This treatise is modelled closely on Virdung's Musica getutscht
=648  \0$a16th Century (1501-1600)$1http://www.wikidata.org/entity/Q7017$920944
=650  \0$aOrganology$1http://www.wikidata.org/entity/Q899293$921400
=942  \\$cBOO
=952  \\$00$10$2ddc$40$6INS_1A$70$8INS$917232$aORPH$bORPH$cKTS0$d2021-09-21$oINS1a$p20130632$r2021-01-12 00:00:00$w2021-01-12$yBOO
=999  \\$d17196

