=LDR  01727aam a2200241   4500
=001  17206
=005  20251001162313.0
=008  130425s2012\\\\\\\g\\\\\\\\\\\\\\0\eng\d
=020  \\$a9780253356826
=041  \\$aeng
=100  \\$aLarson, Steve$d1955-2011$4aut$918841
=245  \\$aMusical forces:$bMotion, Metaphor, and Meaning in Music
=260  \\$aBloomington$bIndiana University Press$c2012
=300  \\$a369 pages
=490  \\$aMusical Meaning & Interpretation
=520  \\$aSteve Larson drew on his 20 years of research in music theory, cognitive linguistics, experimental psychology, and artificial intelligenceas well as his skill as a jazz pianistto show how the experience of physical motion can shape ones musical experience. Clarifying the roles of analogy, metaphor, grouping, pattern, hierarchy, and emergence in the explanation of musical meaning, Larson explained how listeners hear tonal music through the analogues of physical gravity, magnetism, and inertia. His theory of melodic expectation goes beyond prior theories in predicting complete melodic patterns. Larson elegantly demonstrated how rhythm and meter arise from, and are given meaning by, these same musical forces.
=650  \0$aMusic philosophy and aesthetics$1http://www.wikidata.org/entity/Q2092865$921165
=650  \0$aMusic theory$1http://www.wikidata.org/entity/Q193544$92662
=650  \0$aScience$1http://www.wikidata.org/entity/Q7991$921650
=700  \\$4edt$4win$aHatten, Robert S.$1http://www.wikidata.org/entity/Q112493763$923549
=942  \\$cBOO
=952  \\$00$10$2ddc$40$6AES_LARS$70$8AES$917242$aORPH$bORPH$cKM12_1$d2021-12-22$g36.00$l1$m3$oAES LARS$p20139431$r2022-09-06 00:00:00$s2021-03-10$w2021-01-12$yBOO$Vamazon.co.uk
=999  \\$d17206

