=LDR  01904aam a2200217   4500
=001  17209
=005  20250120120100.0
=008  120213s2009\\\\\\\\\\\\\\\\\\\\\\0\e
=020  \\$a905867715X
=041  \\$aeng
=100  \\$4edt$aBergé, Pieter$eEditor$915991
=245  \\$aMusical Form, Forms & Formenlehre: Three Methodological Reflections
=260  \\$aLeuven$bLeuven University Press$c2009
=300  \\$a179 pages
=520  \\$aIn Musical Form, Forms & Formenlehre, three eminent music theorists reflect on the fundamentals of "musical form." They discuss how to analyze form in music and question the relevance of analytical theories and methods in general. They illustrate their basic concepts andc oncerns by offering some concrete analyses of works by Mozart (Idomeneo Overture, Jupiter Symphony) and Beethoven (First and Pastoral Symphony, Egmont Overture, and Die Ruinen von Athen Overture). 
The volume is divided into three parts, focusing on Caplin's "theory of formal functions," Hepokoski's concept of "dialogic form," and Webster's method of "multivalent analysis" respectively. Each part begins with a basic essay by one of the three authors. Subsequently, the two opposing authors comment on issues and analyses they consider to be problematic or underdeveloped, in a style that ranges from the gently critical to the overtly polemical. Finally, the author of the initial essay is given the opportunity to reply to the comments, and to further refine his own fundamental ideas on musical form.

Show More 
Show Less 

=700  \\$aHepokoski, James$917062
=700  \\$aWebster, James$916965
=700  \\$aCaplin, William E.$d-1948$1http://www.wikidata.org/entity/Q8006531$916229
=942  \\$cBOO
=952  \\$00$10$2ddc$40$6MTP_1_000000000000000_BERGE$70$8MTP$917245$aORPH$bORPH$cKM12_1$d2021-10-27$l1$m1$oMTP1 BERGE$p20135586$r2022-08-29 00:00:00$s2021-10-27$w2021-01-12$yBOO
=999  \\$c17209$d17209

