=LDR  00605aam a2200169   4500
=001  17212
=005  20250120120008.0
=008  190603s1984\\\\\\\\\\\\\\\\\\\\\\0\mul
=041  \\$aita$aeng
=245  \\$aMusical grammars and computer analysis$bAtti del convegno (Modena, 4-6 ottobre 1982)
=260  \\$aFlorence$bOlschki$c1984
=300  \\$a374 pages
=700  \\$4edt$aBaroni, Mario$915710
=700  \\$4edt$aCallegari, L.$918847
=942  \\$cBOO
=952  \\$00$10$2ddc$40$6REF_3_000000000000000_BARO$70$8REF$917248$aORPH$bORPH$cKM12_1$d2021-08-26$oREF3 BARO$p20134316$r2021-01-12 00:00:00$w2021-01-12$yBOO
=999  \\$d17212

