=LDR  01816aam a2200241   4500
=001  17221
=005  20250120120159.0
=008  120511s2011\\\\\\\go\\\\\\\\\\\\\0\eng\d
=020  \\$a9780521514903
=041  \\$aeng
=100  \\$aGoldman, Jonathan$d-1972$4aut$918855
=245  \\$aThe Musical Language of Pierre Boulez:$bWritings and Composition
=260  \\$aCambridge$aNew York$bCambridge University$c2011
=300  \\$a244 pages
=336  \\$aprinted
=490  \\$aMusic since 1900
=520  \\$aPierre Boulez is arguably the most influential composer of the second half of the twentieth century. Here, Jonathan Goldman provides a fresh appraisal of the composer's music, demonstrating how understanding the evolution of Boulez's ideas on musical form is an important step towards evaluating his musical thought generally. The theme of form arising from a grammar of oppositions - the legacy of structuralism - serves as a common thread in Boulez's output, and testifies to the constancy of Boulez's thought over and above his several notable aesthetic and stylistic changes. This book lends a voice to the musical works by using the writings - particularly the mostly untranslated collected Collège de France lectures (1976-1995) - to comment on them. It also uses five musical works from the post-1975 period to exemplify concepts developed in Boulez's writings, presenting a vivid portrait of Boulez's extremely varied production.
=600  \0$aBoulez, Pierre$d1925-2016$918237
=650  \0$aComposer$1http://www.wikidata.org/entity/Q36834$93625
=650  \0$aMusical analysis$1http://www.wikidata.org/entity/Q1544924$92775
=942  \\$cBOO
=952  \\$00$10$2ddc$40$6BIO_BOUL_D$70$8BIO$917257$aORPH$bORPH$cKTS1_P$d2022-04-07$l1$oBIO BOUL d$p20138989$r2022-04-07 00:00:00$s2021-03-12$w2021-01-12$yBOO
=999  \\$d17221

