=LDR  01362aam a2200193   4500
=001  17236
=005  20230123104741.0
=008  170913s2004\\\\\\\\\\\\\\\\\\\\\\0\e
=020  \\$a9780521826723
=041  \\$ae
=100  \\$aHaines, John$4aut$918865
=245  \\$aMusical performance and reception: eight centuries of troubadours and trouvères: the changing identity of medieval music
=260  \\$aCambridge$bCambridge University Press$c2004
=300  \\$a347
=520  \\$aFrom the medieval chansonniers to contemporary rap renditions, this book traces the changing interpretation of troubadour and trouvère music, a repertoire of songs which have successfully maintained public interest for eight centuries. A study of their reception, therefore, serves to illustrate the development of the modern concept of "medieval music". Important stages in their evolution include sixteenth-century antiquarianism; the Enlightenment synthesis of scholarly and popular traditions; and the infusion of archaeology and philology in the nineteenth century, leading to more recent theories on medieval rhythm.
=490  \\$aCambridge musical texts and monographs$pMusical performance and perception
=942  \\$cBOO
=952  \\$00$10$40$6TOP_FR_0_000000000000000$70$8TOP$917272$aORPH$bORPH$cKTS0$d2021-08-12$oTOP FR 0$p20130648$r2021-01-12 00:00:00$w2021-01-12$yBOO
=999  \\$c17236$d17236

