=LDR  01360aam a2200265   4500
=001  17238
=005  20250905163303.0
=008  140522t1993\\\\\\\\\\\\\\\\\\\\\\0\eng
=020  \\$a9780300051100
=041  \\$aeng$hlat
=100  \\$aBurmeister, Joachim$d1564-1629$4aut$1http://www.wikidata.org/entity/Q359148$918188
=245  \\$aMusical Poetics
=260  \\$aNew Haven, CT$bYale University Press$c1993
=300  \\$a306 pages
=490  \\$aThe Music Theory Translation Series
=520  \\$aJoachim Burmeister's early seventeenth-century treatise on the making of music is generally acknowledged to be central to the understanding of Baroque musical practice: it was the first systematically to explore the connection between rhetoric and music that became a cornerstone of Baroque musical thought.
=648  \0$a17th Century (1601-1700)$1http://www.wikidata.org/entity/Q7016$920923
=650  \0$aMusic theory$1http://www.wikidata.org/entity/Q193544$92662
=650  \0$aRhetoric$1http://www.wikidata.org/entity/Q81009$93894
=651  \0$aGermany$1http://www.wikidata.org/entity/Q183$9155
=700  \\$4trl$aRivera, Benito V.$d1936-$914722
=765  \\$aMusica poetica
=942  \\$cBOO
=952  \\$00$10$2ddc$40$6TRE_BURM$70$8TRE$917274$aORPH$bORPH$cKTS1_H$d2022-10-17$g51.61$l1$oTRE BURM$p20136095$r2024-01-03 00:00:00$s2022-10-17$w2021-01-12$yBOO
=999  \\$d17238

