=LDR  00732aam a2200181   4500
=001  17242
=005  20250109132730.0
=008  120104s1989\\\\\\\\\\\\\\\\\\\\\\0\e
=020  \\$a0300043279
=041  \\$aeng
=100  \\$aBerry, Wallace$4aut$918872
=245  \\$aMusical structure and performance
=260  \\$aNew Haven$bYale University Press$c1989
=300  \\$a240 pages
=942  \\$cBOO$2ddc
=952  \\$00$10$2ddc$40$6MTP_2_000000000000000_BERR$70$8MTP$917278$aORPH$bORPH$cKM12_1$g42.00$l0$oMTP2 BERR$p20135579$r2021-01-12 00:00:00$w2021-01-12$yBOO
=952  \\$00$10$2ddc$40$6MTP_2_000000000000000_BERR$70$8MTP$917279$aORPH$bORPH$cKM12_1$d2021-02-25$g42.00$l0$oMTP 2 BERR$p20134446$r2021-01-12 00:00:00$w2021-01-12$yBOO
=999  \\$c17242$d17242

