=LDR  01805aam a2200253   4500
=001  17250
=008  170124s1989\\\\\\\ga\\\\b\\\\\\1\0\eng\d
=041  \\$aeng
=100  \\$aWright, Craig$4aut$918879
=245  \\$aMusic and Ceremony at Notre Dame of Paris 500-1550
=260  \\$aCambridge$bCambridge University Press$c1989
=300  \\$axvii-400 pages
=490  \\$aCambridge Studies in Music
=520  \\$aThis book is a history of the early musical life of the Parisian cathedral of Notre Dame. All aspects of the musical establishment of Notre Dame are covered, from Merovingian times to the period of the wars of religion in France. Nine discrete essays discuss the history of Parisian chant and liturgy and the pattern and structure of the cathedral services in the late Middle Ages; Notre Dame polyphony and the composers most closely associated with the cathedral, among them Leoninus, Perotinus and Philippe de Vitry; the organ and its repertoire; the choir, the musical education and performing traditions; and the relationship of the cathedral to the court.
=610  \0$aNotre-Dame de Paris (France)$1http://www.wikidata.org/entity/Q2981$921551
=648  \0$aMiddle Ages (500-1400)$1http://www.wikidata.org/entity/Q12554$920964
=648  \0$aRenaissance (1400-1600)$1http://www.wikidata.org/entity/Q4692$920965
=650  \0$aMusic history$1http://www.wikidata.org/entity/Q846047$921373
=650  \0$aChurch$1http://www.wikidata.org/entity/Q16970$93776
=650  \0$aCatholicism$1http://www.wikidata.org/entity/Q1841$921631
=651  \0$aParis (France)$1http://www.wikidata.org/entity/Q90$9160
=942  \\$cBOO
=952  \\$00$10$2ddc$40$6TOP_FR_PAR_3_000000000000000$70$8TOP$917287$aORPH$bORPH$cKTS0$d2022-09-30$g90.00$l0$oTOP FR.PAR 3$p20130574$r2021-01-12 00:00:00$w2021-01-12$yBOO
=999  \\$d17250

