=LDR  00605aam a2200169   4500
=001  17254
=005  20230123104744.0
=008  120313s1997\\\\\\\\\\\\\\\\\\\\\\0\e
=020  \\$a9789529658565
=041  \\$aeng
=100  \\$aSuurpää, Lauri$4aut$918882
=245  \\$aMusic and drama in six Beethoven overtures: Interaction between programmatic tensions and tonal structure
=260  \\$aHelsinki$bSibelius Academy$c1997
=300  \\$a172
=942  \\$cBOO
=952  \\$00$10$2ddc$40$6BIO_BEET_E$70$8BIO$917292$aORPH$bORPH$cKTS1_P$d2022-06-24$oBIO BEET e$p20129716$r2021-01-12 00:00:00$w2021-01-12$yBOO
=999  \\$c17254$d17254

