=LDR  02402aam a2200229   4500
=001  17266
=005  20250925143304.0
=008  150206s2013\\\\\\\\\\\\\\\\\\\\\\0\eng
=020  \\$a9781107504318
=041  \\$aeng
=245  \\$aMusic and Protest in 1968
=260  \\$aCambridge$bCambridge University Press$c2013
=300  \\$a327 pages
=490  \\$aMusic since 1900$v24
=520  \\$aMusic was integral to the profound cultural, social and political changes that swept the globe in 1968. This collection of essays offers new perspectives on the role that music played in the events of that year, which included protests against the ongoing Vietnam War, the May riots in France and the assassination of Martin Luther King, Jr. From underground folk music in Japan to antiauthoritarian music in Scandinavia and Germany, Music and Protest in 1968 explores music's key role as a means of socio-political dissent not just in the US and the UK but in Asia, North and South America, Europe and Africa. Contributors extend the understanding of musical protest far beyond a narrow view of the 'protest song' to explore how politics and social protest played out in many genres, including experimental and avant-garde music, free jazz, rock, popular song, and film and theatre music.

Provides a comprehensive picture of music and protest in 1968 from a global perspective, considering a range of countries in Europe, North and South America, Asia and Africa
Covers a wide range of musical styles and genres such as rock, popular song (including the 'protest song'), experimental/avant-garde music, early music performance, folk, jazz, and film and theatre music, crossing conventional disciplinary boundaries within music studies
Offers new perspectives on the relationship between music and social protest around 1968 that will appeal not only to those within the field of music studies, but also those interested in socio-political issues in the arts, humanities and social sciences
=648  \0$a20th Century (1901-2000)$1http://www.wikidata.org/entity/Q6927$920936
=650  \0$aMusic history$1http://www.wikidata.org/entity/Q846047$921373
=700  \\$4edt$aKutschke, Beate$918892
=700  \\$4edt$aNorton, Barley$918893
=942  \\$cBOO
=952  \\$00$10$2ddc$40$6GHM_7_000000000000000$70$8GHM$917305$aORPH$bORPH$cKM12_1$d2022-08-08$g26.00$l0$oGHM7$p20130645$r2021-01-12 00:00:00$w2021-01-12$yBOO
=999  \\$d17266

