=LDR  02372aam a2200217   4500
=001  17274
=005  20250906121749.0
=008  150331s2014\\\\\\\ag\\\\\\\\\\\\\0\eng\d
=020  \\$a9780262027274
=041  \\$aeng
=100  \\$aPesic, Peter$4aut$1http://www.wikidata.org/entity/Q93429309$918899
=245  \\$aMusic and the Making of Modern Science
=260  \\$aCambridge (MA)$bMIT$c2014
=300  \\$a347 pages
=520  \\$aIn the natural science of ancient Greece, music formed the meeting place between numbers and perception; for the next two millennia, Pesic tells us in Music and the Making of Modern Science, "liberal education" connected music with arithmetic, geometry, and astronomy within a fourfold study, the quadrivium. Peter Pesic argues provocatively that music has had a formative effect on the development of modern science -- that music has been not just a charming accompaniment to thought but a conceptual force in its own right. Pesic explores a series of episodes in which music influenced science, moments in which prior developments in music arguably affected subsequent aspects of natural science. He describes encounters between harmony and fifteenth-century cosmological controversies, between musical initiatives and irrational numbers, between vibrating bodies and the emergent electromagnetism. He offers lively accounts of how Newton applied the musical scale to define the colors in the spectrum; how Euler and others applied musical ideas to develop the wave theory of light; and how a harmonium prepared Max Planck to find a quantum theory that reengaged the mathematics of vibration. Taken together, these cases document the peculiar power of music -- its autonomous force as a stream of experience, capable of stimulating insights different from those mediated by the verbal and the visual. An innovative e-book edition available for iOS devices will allow sound examples to be played by a touch and shows the score in a moving line.
=650  \0$aScience$1http://www.wikidata.org/entity/Q7991$921650
=650  \0$aMusic history$1http://www.wikidata.org/entity/Q846047$921373
=650  \0$aPhilosophy$1http://www.wikidata.org/entity/Q5891$92357
=942  \\$cBOO
=952  \\$00$10$2ddc$40$6SCI_PESI$70$8SCI$917313$aORPH$bORPH$cKM12_1$d2015-03-30$l2$m2$oSCI PESI$p20139086$r2025-10-20 15:04:31$s2025-05-06$v36.62$w2015-03-30$yBOO
=999  \\$d17274

