=LDR  00656aam a2200181   4500
=001  17282
=005  20230123101102.0
=008  150226s\\\\\\\\\\\\\\\\\\\\\\\\\\0\eng
=020  \\$a9789081869690
=041  \\$aeng
=100  \\$4edt$aFidom, Hans$915937
=245  \\$aMusic as installation art.$bOrgan Musicology, New Musicology and Situationality
=260  \\$aAmsterdam$bOrgelpark$c2012 March
=300  \\$a37 pages
=490  \\$aOrgelpark research projects$vVolume 2 (March 2012)
=942  \\$cBOO
=952  \\$00$10$2ddc$40$6REF_3_000000000000000_FIDO$70$8REF$917321$aORPH$bORPH$cKM12_1$d2021-08-26$oREF3 FIDO$p20134319$r2021-01-12 00:00:00$w2021-01-12$yBOO
=999  \\$d17282

