=LDR  01042aam a2200229   4500
=001  17312
=005  20250120120919.0
=008  120209s1998\\\\\\\ado\\\\\\\\\\\\0\eng\d
=020  \\$a1853174920
=041  \\$aeng
=100  \\$4edt$4aut$aWinspur, Ian$918980
=245  \\$aThe Musician's Hand:$bA Clinical Guide
=260  \\$aLondon$bMartin Dunitz$c1998
=300  \\$a201 pages
=520  \\$aClinical guide to special considerations necessary for managing treatment of musician patients. For surgeon, doctors, therapists, music teachers and musicians. High-quality halftone illustrations, photographs, and images.
=650  \0$aMedicine$1http://www.wikidata.org/entity/Q11190$921959
=650  \0$aMusician$1http://www.wikidata.org/entity/Q639669$93574
=650  \0$aPerformance$926223
=700  \\$4edt$4aut$aParry, Christopher Wynn B.$918979
=942  \\$cBOO
=952  \\$00$10$2ddc$40$6MTP_2_000000000000000_WINS$70$8MTP$917351$aORPH$bORPH$cKM12_1$d2022-01-12$l1$m2$oMTP2 WINS$p20135541$r2022-11-22 00:00:00$s2022-01-12$w2021-01-12$yBOO
=999  \\$d17312

