=LDR  01806aam a2200241   4500
=001  17318
=005  20250120120159.0
=008  160703s1856\\\\\\\\\\\\\\\\\\\\\\0cfre\d
=041  \\$afre
=100  \\$aBlaze, Ange-Henri-Castil$cBaron de Bury$d1813-1888$4aut$1http://www.wikidata.org/entity/Q1035323$918983
=245  \\$aMusiciens contemporains
=260  \\$aParis$bLévy$c1856
=300  \\$axvi-289-[1] pages
=520  \\$aHenry Blaze, baron de Bury (Avignon, 19 mai 1813-Paris, 15 mars 1888) est un écrivain, poète, dramaturge, critique littéraire, artistique et musical et compositeur français. Ces essais ont été écrits ans avant cette date de publication, apparaissant initialement dans la Revue des deux mondes. L'auteur compare Bellini avec Mercadante. Il note les deux spectateurs lors d'une représentation de Norma qui s'exclament : Rossini fait l'amour, Bellini aime ! D'autres compositeurs contemporains abordés comprennent Rossini, Donizetti, Cherubini et Mercadante.
=590  \\$aWeber - Mendelssohn - Spohr - Meyerbeer
Nielsgade - Chopin
Jenny Lind - Paer - Spontini - Cherubini - Rossini
Bellini - Donizetti - Mercadante 
Verdi - Auber - Hérold - Halévy - Félicien David
Adolphe Nourrit
La Pasta - La Malibran - La Sontag
=648  \0$a19th Century (1801-1900)$1http://www.wikidata.org/entity/Q6955$920935
=650  \0$aComposer$1http://www.wikidata.org/entity/Q36834$93625
=650  \0$aMusician$1http://www.wikidata.org/entity/Q639669$93574
=650  \0$aBiography$1http://www.wikidata.org/entity/Q36279$91927
=856  \\$uhttps://books.google.be/books?id=0S1if0mYLHEC$3Google Books
=942  \\$cBOO
=952  \\$00$10$2ddc$40$6KTS_1_000000000000000_H_06_045$70$8RAR$917357$aORPH$bORPH$cKTS1_H$d2022-02-04$oKTS1 H.06.045$p20143598$r2021-01-12 00:00:00$w2021-01-12$yBOO
=999  \\$d17318

