=LDR  01337aam a2200241   4500
=001  17319
=005  20250120120530.0
=008  150702s1903\\\\\\\\\\\\\\\\\\\\\\0\fre
=041  \\$afre
=100  \\$aBerlioz, Hector$d1803-1869$4aut$1http://www.wikidata.org/entity/Q1151$99542
=245  \\$aLes musiciens et la musique
=260  \\$aParis$bCalmann-Lévy$c[1903]
=300  \\$axlix-348 pages
=520  \\$aMozart/Don Juan - Cherubini - Lesueur - Meyerbeer/Les  Hugenots, Le Prophète - Herold/Zampa - Donizetti/La fille du Régiment- Halévy/Le Val d'Andorre -  Bellini - Adam/Le Torréador - Glinka - David/Le Désert - Thomas/Le Caïs - Gounod/Sapho, Faust - Litolff - Offenbach/Barkouf - Reyer/La Statue - Bizet/Pêcheurs de perles
=648  \0$a19th Century (1801-1900)$1http://www.wikidata.org/entity/Q6955$920935
=650  \0$aMusic criticism$1http://www.wikidata.org/entity/Q11748889$921598
=650  \0$aOpera$1http://www.wikidata.org/entity/Q1344 $92468
=651  \0$aFrance$1http://www.wikidata.org/entity/Q142$9131
=700  \\$4win$aHallays, André$923041
=856  \\$uhttps://gallica.bnf.fr/view3if/ga/ark:/12148/bpt6k103061f$3IIIF
=942  \\$cBOO
=952  \\$00$10$2ddc$40$6KTS_1_000000000000000_H_04_017$70$8RAR$917358$aORPH$bORPH$cKTS1_H$d2021-11-23$oKTS1 H.04.017$p20129616$r2021-01-12 00:00:00$w2021-01-12$yBOO
=999  \\$d17319

