=LDR  02367aam a2200241   4500
=001  17322
=005  20250121142132.0
=008  111129s2003\\\\\\\afg\\\\\\\\\\\\0deng\d
=020  \\$a9780393050806
=041  \\$aeng
=100  \\$aHeartz, Daniel$d1928-2019$4aut$1http://www.wikidata.org/entity/Q5217453$918794
=245  \\$aMusic in European Capitals:$bThe Galant Style, 1720-1780
=260  \\$aNew York$bNorton$c2003
=300  \\$a1078 pages
=520  \\$aThis volume continues the study of the eighteenth century begun in Haydn, Mozart, and the Viennese School 1740-1780 (1995) by focusing on the capital cities other than Vienna that were most important in the creation and diffusion of new music. It tells of events in Naples, where Vinci and Pergolesi went beyond their pre-1720 models to cultivate opera in a simpler, more direct manner, soon after christened the galant style. No less central was Venice, where Vivaldi perfected the concerto, on which were patterned the early symphonies and the newer kind of sonata. Dresden profited first from all these achievements and became, under Hasse's direction, the foremost center of Italian opera in Germany. Mannheim with its great orchestra did much to shape the modern symphony. A few years later, Paris became paramount, especially for its Opéra-Comique; during the 1770s the Opéra provided Gluck with a stage on which to cap his long international career. The book concludes with a description of Christian Bach in London, Paisiello in Saint Petersburg, and Boccherini in Madrid.

This long-awaited book offers a view of eighteenth-century music that is broad and innovative while remaining sensitive to the values of those times and places. One comes away from it with an understanding of the European context behind the triumphs of Haydn and Mozart.
=648  \0$a18th Century (1701-1800)$1http://www.wikidata.org/entity/Q7015$920899
=650  \0$aMusic history$1http://www.wikidata.org/entity/Q846047$921373
=650  \0$aMusical analysis$1http://www.wikidata.org/entity/Q1544924$92775
=650  \0$aMusical style$1http://www.wikidata.org/entity/Q11921029$92421
=651  \0$aEurope$1http://www.wikidata.org/entity/Q46$991
=942  \\$cBOO
=952  \\$00$10$2ddc$40$6GHM_5_000000000000000$70$8GHM$917363$aORPH$bORPH$cKM12_1$d2022-05-31$g67.00$oGHM5$p20130752$r2021-01-12 00:00:00$w2021-01-12$yBOO
=999  \\$d17322

