=LDR  02172aam a2200241   4500
=001  17328
=005  20251028151802.0
=008  190521s1981\\\\\\\\\\\\\\\\\\\\\\0\eng
=020  \\$a0521233283
=041  \\$aeng
=100  \\$4edt$aFenlon, Iain$d1949-$916998
=245  \\$aMusic in Medieval & Early Modern Europe:$bPatronage, Sources and Texts
=260  \\$aCambridge$bCambridge University Press$c1981
=300  \\$a409 pages
=520  \\$aThis volume consists of original papers first read at King's College, Cambridge, in 1979 at an international conference on medieval and Renaissance music. The contributors are distinguished in a wide variety of musicological interests but all are concerned in one way or another with pursuing the most urgent and promising directions for research in early music history. The result, far from being merely a further collection of essays applying well-tried approaches to familiar material, constantly seeks to expand the scope of musicology itself, and many of the contributions arc inter-disciplinary in method. The four main topics of the conference were carefully chosen, with some editorial control exercised for each session. This is reflected in four sections of closely related papers in the book. Two of these are concerned with the patronage of music: by the Church in fifteenth-century England, Italy and France, and in a broader context in Italy from 1450 to 1550. A group of essays on sixteenth-century instrumental music separates these, and the book concludes with five papers on theories of filiation as applied to music sources from the tenth to the sixteenth century.
=648  \0$aMiddle Ages (500-1400)$1http://www.wikidata.org/entity/Q12554$920964
=648  \0$aRenaissance (1400-1600)$1http://www.wikidata.org/entity/Q4692$920965
=650  \0$aMusic history$1http://www.wikidata.org/entity/Q846047$921373
=650  \0$aPatronage$1http://www.wikidata.org/entity/Q214092$94245
=651  \0$aEurope$1http://www.wikidata.org/entity/Q46$991
=942  \\$cBOO
=952  \\$00$10$2ddc$40$6GHM_3_000000000000000$70$8GHM$917369$aORPH$bORPH$cKM12_1$d2022-08-12$l0$oGHM3$p20130773$r2021-01-12 00:00:00$w2021-01-12$yBOO
=999  \\$d17328

