=LDR  01024aam a2200253   4500
=001  17334
=005  20250318123516.0
=008  120427s1947\\\\\\\g\\\\\\\\\\\\\\0\eng\d
=020  \\$a9781443726191
=041  \\$aeng
=100  \\$aBukofzer, Manfred$d1910-1955$4aut$1http://www.wikidata.org/entity/Q65927$99998
=245  \\$aMusic in the Baroque Era from Monteverdi to Bach
=250  \\$a1st ed.
=260  \\$aNew York, NY$bNorton$c1947
=300  \\$a489 pages
=520  \\$a

=648  \0$a17th Century (1601-1700)$1http://www.wikidata.org/entity/Q7016$920923
=648  \0$a18th Century (1701-1800)$1http://www.wikidata.org/entity/Q7015$920899
=650  \0$aBaroque$1http://www.wikidata.org/entity/Q37853$921255
=650  \0$aMusic history$1http://www.wikidata.org/entity/Q846047$921373
=651  \0$aEurope$1http://www.wikidata.org/entity/Q46$991
=942  \\$cBOO
=952  \\$00$10$2ddc$40$6GHM_5_000000000000000$70$8GHM$917375$aORPH$bORPH$cKM12_1$d2022-04-06$oGHM5$p20130691$r2021-01-12 00:00:00$w2021-01-12$yBOO
=999  \\$d17334

