=LDR  03121aam a2200361   4500
=001  17335
=005  20251027171627.0
=008  190708s1995\\\\\\\gfa\\\\\\\\\\1\0\eng\d
=041  \\$aeng
=100  \\$aGallo, Franco Alberto$1http://www.wikidata.org/entity/Q96279677$4aut$920511
=245  \\$aMusic in the castle.$bTroubadours, books and orators in Italian courts of the thirteenth, fourteenth, and fifteenth centuries
=260  \\$aChicago & London$bThe University of Chicago Press$c1995
=300  \\$a[vi]-147 pages
=500  \\$aoriginally published in 1992
=520  \\$aWritten by one of Italys most eminent scholars of music, this book explores musics place in the cultural, artistic, and literary life of medieval Italian courts, paying particular attention to the influence of French culture on Italian artistic and musical traditions. 

In the first of three elegant essays, Gallo examines the troubadours who traveled to northern Italian courts from Provence during the thirteenth century. He discusses their performance practices, the verbal and musical sophistication of their songs, and their role in the daily life of courtiers at Genoa, Ferrara, and Monferrato. The second essay concerns the now dispersed collection of the Visconti library at Pavia. Here, Gallo examines how this collection expressed the tastes of the fourteenth-century court of Giangaleazzo Visconti, how French arts were imported and imitated at Pavia, and the effects this had on music heard at the court. In the final essay, Gallo looks at the fifteenth-century tradition of improvised music, and especially the virtuoso lute player Pietrobono. Mythologized in literary circles of his day, Pietrobono becomes a point of departure for a discussion of the entire vision of music of Italian humanists, from Guarino Veronese to Aurelio Brandolini.
=648  \0$aMiddle Ages (500-1400)$1http://www.wikidata.org/entity/Q12554$920964
=648  \0$aRenaissance (1400-1600)$1http://www.wikidata.org/entity/Q4692$920965
=650  \0$aInfluence$1http://www.wikidata.org/entity/Q1307337$1http://www.wikidata.org/entity/Q16578639$922289
=650  \0$aFrench$1http://www.wikidata.org/entity/Q150$923117
=650  \0$aMusic history$1http://www.wikidata.org/entity/Q846047$921373
=650  \0$aCultural history$1http://www.wikidata.org/entity/Q858517$922395
=650  \0$aCourt$1http://www.wikidata.org/entity/Q1134237$922191
=650  \0$aNobility$1http://www.wikidata.org/entity/Q134737$93602
=650  \0$aTroubadour$1http://www.wikidata.org/entity/Q186370$940259
=650  \0$aLibrary$1http://www.wikidata.org/entity/Q7075$94229
=650  \0$aRhetoric$1http://www.wikidata.org/entity/Q81009$93894
=651  \0$aItaly$1http://www.wikidata.org/entity/Q38$922
=700  \\$aHerklotz, Anna$4trl$918991
=700  \\$aKrug, Kathryn$4trl$918992
=765  \\$aMusica nell castello: Trovatori, libri, oratori nelle corte italiani dal XIII al VX secolo
=942  \\$cBOO
=952  \\$00$10$2ddc$40$6TOP_IT_3_000000000000000$70$8TOP$917376$aORPH$bORPH$cKTS0$d2025-10-27$l0$oTOP IT 3$p20130581$r2021-01-12 00:00:00$w2021-01-12$yBOO
=999  \\$d17335

