=LDR  01552aam a2200241   4500
=001  17341
=005  20251001162313.0
=008  120203s2002\\\\\\\\\\\\\\\\\\\\\\0\eng\d
=020  \\$a9780803232198
=041  \\$aeng
=245  \\$aMusic in the Mirror:$bReflections on the History of Music Theory and Literature for the Twenty-First Century
=260  \\$aLincoln, NE$bUniversity of Nebraska$c2002
=300  \\$a333 pages
=520  \\$aIn Music in the Mirror, thirteen distinguished scholars explore the concept of music, music theory, and music literature as mirror images of one another - whether real or distorted. Encompassing the history of music and music theory and literature from the Middle Ages to the present, these essays, in their reconsideration of the relationships among music, theory, and literature, offer new approaches and articulate compelling visions for future research.
=650  \0$aArtistic research$1http://www.wikidata.org/entity/Q20827087$921804
=650  \0$aMusic theory$1http://www.wikidata.org/entity/Q193544$92662
=650  \0$aMusic history$1http://www.wikidata.org/entity/Q846047$921373
=650  \0$aMusic philosophy and aesthetics$1http://www.wikidata.org/entity/Q2092865$921165
=700  \\$4edt$aGiger, Andreas$d-1965$918995
=700  \\$4edt$aMathiesen, Thomas J.$1http://www.wikidata.org/entity/Q111743887$914721
=942  \\$cBOO
=952  \\$00$10$2ddc$40$6MTP_1_000000000000000_GIGE$70$8MTP$917382$aORPH$bORPH$cKM12_1$d2022-06-08$l1$oMTP1 GIGE$p20139100$r2022-06-08 00:00:00$s2021-03-12$w2021-01-12$yBOO
=999  \\$d17341

