=LDR  01803aam a2200205   4500
=001  17350
=005  20250120120207.0
=008  120113s2008\\\\\\\\\\\\\\\\\\\\\\0\eng
=020  \\$a0195123753
=041  \\$aeng
=100  \\$aPatel, D. Aniruddh$4aut$919008
=245  \\$aMusic, Language, and the Brain
=260  \\$aOxford$bOxford University Press$c2008
=300  \\$a513 pages
=520  \\$aIn the first comprehensive study of the relationship between music and language from the standpoint of cognitive neuroscience, Aniruddh D. Patel challenges the widespread belief that music and language are processed independently. Since Plato's time, the relationship between music and language has attracted interest and debate from a wide range of thinkers. Recently, scientific research on this topic has been growing rapidly, as scholars from diverse disciplines, including linguistics, cognitive science, music cognition, and neuroscience are drawn to the music-language interface as one way to explore the extent to which different mental abilities are processed by separate brain mechanisms. Accordingly, the relevant data and theories have been spread across a range of disciplines. This volume provides the first synthesis, arguing that music and language share deep and critical connections, and that comparative research provides a powerful way to study the cognitive and neural mechanisms underlying these uniquely human abilities.

Winner of the 2008 ASCAP Deems Taylor Award
=650  \0$aMusic psychology$1http://www.wikidata.org/entity/Q476590$921788
=650  \0$aLinguistics$1http://www.wikidata.org/entity/Q8162$93902
=942  \\$cBOO
=952  \\$00$10$2ddc$40$6AES_PATE$70$8AES$917391$aORPH$bORPH$cKM12_1$d2022-03-09$l1$oAES PATE$p20135237$r2022-03-21 00:00:00$s2022-03-09$w2021-01-12$yBOO
=999  \\$d17350

