=LDR  01061aam a2200181   4500
=001  17351
=005  20250109133032.0
=008  120917s2009\\\\\\\\\\\\\\\\\\\\\\0\eng
=020  \\$a9780131584341
=041  \\$aeng
=100  \\$aGottlieb, Jane$4aut$919009
=245  \\$aMusic library and research skills
=260  \\$aNew Jersey$bPearson Prentice Hall$c2009
=300  \\$a370 pages
=520  \\$aMusic Library and Research Skills is a complete guide for music majors for researching and completing a paper. It encompasses all the latest technologies and resources, providing not only annotated listings of key items but also informative "how to" side bars and "real life" stories to guide the student. All music majors are required to take a research methods course and this book, by the Vice President and Head Librarian of the Juilliard School, will set a new standard for the course.
=942  \\$cBOO
=952  \\$00$10$2ddc$40$6REF_2_000000000000000_GOTT$70$8REF$917392$aORPH$bORPH$cKM12_1$d2021-08-24$oREF2 GOTT$p20131144$r2021-01-12 00:00:00$w2021-01-12$yBOO
=999  \\$d17351

