=LDR  03146aam a2200193   4500
=001  17352
=005  20250109133512.0
=008  120113s1995\\\\\\\\\\\\\\\\\\\\\\0\eng
=020  \\$a019509171X
=041  \\$aeng
=100  \\$aElliott, David J.$4aut$919010
=245  \\$aMusic Matters:$bA New Philosophy of Music Education
=260  \\$aOxford$bOxford University Press$c1995
=300  \\$a380 pages
=520  \\$aThere is a mystery about music. On one hand, music making and music listening have occupied a prominent place in every culture since the dawn of recorded history and people everywhere continue to engage in a variety of musical experiences as part of their daily lives. Yet questions about the nature and value of music and its importance as a subject of education remain perplexing to many thinkers and are still hotly debated, even today. As a result, while music has been part of the school curriculum since antiquity, its profound contribution to general education has never been harnessed--until now.
What is music? Does music deserve a place in general education? If so, why? Music Matters builds new answers to these basic questions through a wide-ranging examination of music as a diverse human practice. The result is a ground-breaking philosophy of music education that provides critically reasoned perspectives on the nature and significance of performing, listening, musicianship, multiculturalism, creativity, consciousness, curriculum development, and more. Indeed, Music Matters is exceptional for the attention it pays to many aspects of music and education that previous music education doctrine either misses or ignores altogether. Following an incisive critique of past thinking, this important text develops a multidimensional concept of music that explains why music making and listening are unique forms of thinking and unique sources of the most important kinds of knowing that human beings can gain. In a richly detailed narrative that examines a wealth of recent philosophical and psychological research, the author constructs a compelling philosophical foundation that allows teachers to affirm to themselves and others that music deserves a central place in the education of all people. Among the many working ideas of this new philosophy is a distinctive concept of "curriculum-as-practicum" that explains how music educators can fulfill their educational mandate.
Invaluable as a core text for courses on foundations of music education or philosophy of music education at both the undergraduate and graduate level, Music Matters provides educators with critically reasoned perspectives on the "why, what, and how" of music teaching and learning, arguing convincingly that music is one of the most vital, dynamic, and practical pursuits in the human repertoire and, therefore, fundamental to the full development of the individual and collective self.
=650  \0$aMusic education$1http://www.wikidata.org/entity/Q27908$921766
=942  \\$cBOO
=952  \\$00$10$2ddc$40$6MTP_4_000000000000000_ELLI$70$8MTP$917393$aORPH$bORPH$cKM12_1$d2022-10-10$l0$oMTP4 ELLI$p20135465$r2021-01-12 00:00:00$w2021-01-12$yBOO
=999  \\$d17352

