=LDR  01038aam a2200181   4500
=001  17355
=005  20250109133032.0
=008  110913s1990\\\\\\\\\\\\\\\\\\\\\\0\e
=020  \\$a9780520067479
=041  \\$aeng
=100  \\$aAntokoletz, Elliott$4aut$919014
=245  \\$aThe music of Béla Bartók : A study of tonality and progression in twentieth-century music
=260  \\$aBerkeley$bUniversity of California Press$c1990
=300  \\$a341
=520  \\$aThe basic principles of progression and the means by which tonality is established in Bartók's music remain problematical to many theorists. Elliott Antokoletz here demonstrates that the remarkable continuity of style in Bartók's evolution is founded upon an all-encompassing system of pitch relations in which one can draw together the diverse pitch formations in his music under one unified set of principles.
=942  \\$cBOO
=952  \\$00$10$2ddc$40$6BIO_BART_E$70$8BIO$917396$aORPH$bORPH$cKTS1_P$d2022-03-31$oBIO BART e$p20129662$r2021-01-12 00:00:00$w2021-01-12$yBOO
=999  \\$c17355$d17355

