=LDR  01238aam a2200193   4500
=001  17356
=005  20250120120034.0
=008  121019s1995\\\\\\\\\\\\\\\\\\\\\\0\e
=020  \\$a9780521028073
=041  \\$aeng
=100  \\$aGann, Kyle$4aut$1http://www.wikidata.org/entity/Q1795042$916095
=245  \\$aThe music of Conlon Nancarrow
=260  \\$aCambridge$bCambridge University Press$c1995
=300  \\$a303
=520  \\$aConlon Nancarrow has written the most rhythmically complex music the world has ever known, so complex that it can only be realized on a mechanical player piano. Yet Nancarrow's whirlwinds of notes, sometimes as many as eighty per second, are jazzy and infectiously joyous. The music he composed in almost complete isolation from 1940 on has only recently achieved international fame, and this is the first book to cover in detail Nancarrow's life and compositional achievements. The book includes analysis of sixty-five works and previously unpublished biographical information.
=490  \\$aMusic in the twentieth century
=942  \\$cBOO
=952  \\$00$10$2ddc$40$6BIO_NANC_D$70$8BIO$917397$aORPH$bORPH$cKTS1_P$d2021-10-19$g42.00$oBIO NANC d$p20129861$r2021-01-12 00:00:00$w2021-01-12$yBOO$Vamazon.co.uk
=999  \\$c17356$d17356

