=LDR  00558aam a2200169   4500
=001  17357
=005  20251009081721.0
=008  130516s1984\\\\\\\\\\\\\\\\\\\\\\0\e
=041  \\$aeng
=100  \\$4edt$aGarland, Peter$919015
=245  \\$aThe music of James Tenney
=260  \\$aSanta Fe, New Mexico$bSoundings Press$c1984
=300  \\$a297
=490  \\$aSoundings$v13
=942  \\$cBOO
=952  \\$00$10$2ddc$40$6BIO_TENN_B$70$8BIO$917398$aORPH$bORPH$cKTS1_P$d2021-10-19$g75.00$oBIO TENN b$p20129889$r2021-01-12 00:00:00$w2021-01-12$yBOO$VFrog peak Music
=999  \\$c17357$d17357

