=LDR  02473aam a2200253   4500
=001  17370
=005  20250926134858.0
=008  150910s2015\\\\\\\\\\\\\\\\\\\\\\0\eng
=020  \\$a9781783741526
=041  \\$aeng
=100  \\$aFabian, Dorottya$4aut$917274
=245  \\$aA Musicology of Performance:$bTheory and Method Based on Bach's Solos for Violin
=260  \\$aCambridge$bOpen Book Publishers$c2015
=300  \\$a339 pages
=520  \\$aThis book examines the nature of musical performance. In it, Dorottya Fabian explores the contributions and limitations of some of these approaches to performance, be they theoretical, cultural, historical, perceptual, or analytical. Through a detailed investigation of recent recordings of J. S. Bachs Six Sonatas and Partitas for Solo Violin, she demonstrates that music performance functions as a complex dynamical system. Only by crossing disciplinary boundaries, therefore, can we put the aural experience into words. A Musicology of Performance provides a model for such a method by adopting Deleuzian concepts and various empirical and interdisciplinary procedures.

Fabian provides a case study in the repertoire, while presenting new insights into the state of baroque performance practice at the turn of the twenty-first century. Through its wealth of audio examples, tables, and graphs, the book offers both a sensory and a scholarly account of musical performance. These interactive elements map the connections between historically informed and mainstream performance styles, considering them in relation to broader cultural trends, violin schools, and individual artistic trajectories.

A Musicology of Performance is a must read for academics and post-graduate students and an essential reference point for the study of music performance, the early music movement, and Bachs opus.
=600  \0$aBach, Johann Sebastian$d1685-1750$1http://www.wikidata.org/entity/Q1339$94766
=648  \0$a18th Century (1701-1800)$1http://www.wikidata.org/entity/Q7015$920899
=650  \0$aArtistic research$1http://www.wikidata.org/entity/Q20827087$921804
=650  \0$aSonata$1http://www.wikidata.org/entity/Q131269$921653
=650  \0$aViolin$1http://www.wikidata.org/entity/Q8355$92783
=651  \0$aGermany$1http://www.wikidata.org/entity/Q183$9155
=942  \\$cBOO
=952  \\$00$10$2ddc$40$6BIO_BACH1_E$70$8BIO$917411$aORPH$bORPH$cKTS1_P$d2021-11-16$g37.00$oBIO BACH1 e$p20134451$r2021-01-12 00:00:00$w2021-01-12$yBOO
=999  \\$d17370

