=LDR  01987aam a2200205   4500
=001  17390
=005  20251001162313.0
=008  120203s2002\\\\\\\a\\\\\\\\\\\\\\0\eng\d
=020  \\$a9780380782093
=041  \\$aeng
=100  \\$aJourdain, Robert$d1950-$4aut$1http://www.wikidata.org/entity/Q112449965$919044
=245  \\$aMusic, the Brain, and Ecstasy:$bHow Music Captures our Imagination
=260  \\$aNew York$bQuill$c2002
=300  \\$a377 pages
=520  \\$aWhat makes a distant oboe's wail beautiful? Why do some kinds of music lift us to ecstasy, but not others? How can music make sense to an ear and brain evolved for detecting the approaching lion or tracking the unsuspecting gazelle? Lyrically interweaving discoveries from science, psychology, music theory, paleontology, and philosophy, Robert Jourdain brilliantly examines why music speaks to us in ways that words cannot, and why we form such powerful connections to it. In clear, understandable language, Jourdian expertly guides the reader through a continuum of musical experience: sound, tone, melody, harmony, rhythm, composition, performance, listening, understanding--and finally to ecstasy. Along the way, a fascinating cast of characters brings Jourdian's narrative to vivid life: "idiots savants" who absorb whole pieces on a single hearing, composers who hallucinate entire compositions, a psychic who claims to take dictation from long-dead composers, and victims of brain damage who can move only when they hear music. Here is a book that will entertain, inform, and stimulate everyone who loves music--and make them think about their favorite song in startling new ways.
=650  \0$aMusic philosophy and aesthetics$1http://www.wikidata.org/entity/Q2092865$921165
=650  \0$aMusic psychology$1http://www.wikidata.org/entity/Q476590$921788
=942  \\$cBOO
=952  \\$00$10$2ddc$40$6AES_JOUR$70$8AES$917431$aORPH$bORPH$cKM12_1$d2022-09-08$l0$oAES JOUR$p20139447$r2021-01-12 00:00:00$w2021-01-12$yBOO
=999  \\$d17390

