=LDR  01234aam a2200181   4500
=001  17400
=005  20250120120111.0
=008  190211s2014\\\\\\\\\\\\\\\\\\\\\\0\d
=020  \\$a9783890078311
=041  \\$ager
=100  \\$4edt$aDiergarten, Felix$917361
=245  \\$aMusikalische Analyse: Begriffe, Geschichten, Methoden
=260  \\$aLaaber$bLaaber-Verlag$c2014
=300  \\$a330
=520  \\$aFür die Analyse musikalischer Werke, die zwangsläufig jeder unternimmt, der sich interpretierend, hörend oder sprechend mit Musik auseinandersetzt, steht heutzutage ein ganzes Füllhorn an Methoden, Perspektiven und Terminologien zur Verfügung. Um diese Vielfalt der Zugänge kenntlich und für ein besseres Musikverständnis nutzbar zu machen, haben der Herausgeber Felix Diergarten und die beteiligten Autoren elf unterschiedliche Ansätze auf die Analyse elf bedeutender Werke der Musikgeschichte angewandt. Der Band versucht damit, gleichzeitig Anleitungen und Anregungen zur Schulung des eigenen Nachdenkens über Musik zu geben.
=942  \\$cBOO
=952  \\$00$10$2ddc$40$6MTP_1_000000000000000_DIER$70$8MTP$917441$aORPH$bORPH$cKM12_1$d2019-02-08$g29.52$l1$oMTP1 DIER$p20137395$r2021-09-23 00:00:00$s2021-03-10$w2021-01-12$yBOO
=999  \\$d17400

