=LDR  02267aam a2200277   4500
=001  17406
=005  20251001162313.0
=008  120124s1998\\\\\\\\\\\\\\\\\\\\\\0\ger
=020  \\$a3518293168
=041  \\$ager
=100  \\$aAdorno, Theodor W.$d1903-1969$4aut$1http://www.wikidata.org/entity/Q152388$915795
=245  \\$aMusikalische schriften
=260  \\$aFrankfurt am Main$bWissenschaftliche Buchgesellschaft$c1998
=300  \\$a670
=490  \\$aGesammelte Schriften$v16-19
=505  \\$g I-III: Klangfiguren (I), Quasi una fantasia (II), Musikalische Schriften (III-VI) 
=520  \\$aTheodor W. Adorno wurde am 11. September 1903 in Frankfurt am Main geboren und starb am 06. August 1969 während eines Ferienaufenthalts in Visp/Wallis an den Folgen eines Herzinfarkts. Von 1921 bis 1923 studierte er in Frankfurt Philosophie, Soziologie, Psychologie und Musikwissenschaft und promovierte 1924 über Die Transzendenz des Dinglichen und Noematischen in Husserls Phänomenologie. Bereits während seiner Schulzeit schloss er Freundschaft mit Siegfried Kracauer und während seines Studiums mit Max Horkheimer und Walter Benjamin. Mit ihnen zählt Adorno zu den wichtigsten Vertretern der ?Frankfurter Schule?, die aus dem Institut für Sozialforschung an der Johann Wolfgang Goethe-Universität in Frankfurt hervorging. Sämtliche Werke Adornos sind im Suhrkamp Verlag erschienen.
=648  \0$a20th Century (1901-2000)$1http://www.wikidata.org/entity/Q6927$920936
=650  \0$aMusic philosophy and aesthetics$1http://www.wikidata.org/entity/Q2092865$921165
=651  \0$aGermany$1http://www.wikidata.org/entity/Q183$9155
=942  \\$cBOO
=952  \\$00$10$2ddc$3I-III$40$6PHI_ADOR_A$70$8PHI$917447$aORPH$bORPH$cKM12_3_2$d2021-08-03$oPHI ADOR a$p20132898$r2021-01-12 00:00:00$w2021-01-12$yBOO
=952  \\$00$10$2ddc$3IV$40$6PHI_ADOR_A$70$8PHI$917448$aORPH$bORPH$cKM12_3_2$d2021-08-03$oPHI ADOR a$p20132897$r2021-01-12 00:00:00$w2021-01-12$yBOO
=952  \\$00$10$2ddc$3V$40$6PHI_ADOR_A$70$8PHI$917449$aORPH$bORPH$cKM12_3_2$d2021-08-03$oPHI ADOR a$p20132896$r2021-01-12 00:00:00$w2021-01-12$yBOO
=952  \\$00$10$2ddc$3VI$40$6PHI_ADOR_A$70$8PHI$917450$aORPH$bORPH$cKM12_3_2$d2021-08-03$oPHI ADOR a$p20132895$r2021-01-12 00:00:00$w2021-01-12$yBOO
=999  \\$d17406

