=LDR  00713aam a2200181   4500
=001  17416
=005  20250120120054.0
=008  180418s1996\\\\\\\\\\\\\\\\\\\1\\0\ger
=020  \\$a978-3896390165
=100  \\$4dte$aRummenhöller, Peter$916872
=245  \\$aMusik befragt, Musik vermittelt.$bPeter Rummenhöller zum 60. Geburtstag
=260  \\$aAugsburg$bWißner-Verlag$c1996
=300  \\$a451 pages
=700  \\$4edt$aOtt, Thomas$919057
=700  \\$4edt$aLoesch, Heinz von$d1959-$1http://www.wikidata.org/entity/Q15432203$916424
=942  \\$cBOO
=952  \\$00$10$2ddc$40$6REF_4_000000000000000_RUMM$70$8REF$917457$aORPH$bORPH$cKM12_1$d2021-08-11$g44.00$oREF4 RUMM$p20130554$r2021-01-12 00:00:00$w2021-01-12$yBOO
=999  \\$d17416

