=LDR  19633aas a2201609   4500
=001  17420
=005  20250121142132.0
=008  170613i18941900\\\\r\\\\\\\\\\\\\0\ger\d
=041  \\$ager
=100  \\$4edt$4ctb$aMorin, A.$919061
=245  \\$aDer Musikführer
=260  \\$aFrankfurt$bBechhold$cs.d.
=300  \\$a43 pages
=500  \\$aThis series started in 1894 and was already at No.161 by 1900.
=590  \\$aGemeinverständliche Erläuterungen hervorragender Werke aus dem Gebiete der Instrumental- u. Vokalmusik. Mit zahlreichen Notenbeispielen
=648  \0$a18th Century (1701-1800)$1http://www.wikidata.org/entity/Q7015$920899
=648  \0$a19th Century (1801-1900)$1http://www.wikidata.org/entity/Q6955$920935
=650  \0$aMusical analysis$1http://www.wikidata.org/entity/Q1544924$92775
=650  \0$aOratorio$1http://www.wikidata.org/entity/Q85477$91825
=650  \0$aSymphony$1http://www.wikidata.org/entity/Q9734$92527
=700  \\$4ctb$aBeyer, Carl$919060
=700  \\$4ctb$aBrandt, Adolf$919067
=700  \\$4ctb$aErlanger, Gustav$919072
=700  \\$4ctb$aGernsheim, Friedrich$d1839-1916$1http://www.wikidata.org/entity/Q213751$98779
=700  \\$4ctb$aGlück, August$919081
=700  \\$4ctb$aGrüters, August$919092
=700  \\$4ctb$aHahn, Arthur$919065
=700  \\$4ctb$aHelm, Th.$919087
=700  \\$4ctb$aHeuberger, Richard$919077
=700  \\$4ctb$aHumperdinck, Engelbert$d1854-1921$1http://www.wikidata.org/entity/Q55010$919085
=700  \\$4ctb$aKlatte, Wilhelm$919066
=700  \\$4ctb$aKnorr, Iwan$919089
=700  \\$4ctb$aKwast, James$919086
=700  \\$4ctb$aMauke, Wilhelm$919062
=700  \\$4ctb$aMüller-Reuter, Theodor$919095
=700  \\$4ctb$aNiggli, A.$919068
=700  \\$4ctb$aPochhammer, Adolf$919078
=700  \\$4ctb$aRadecke, E.$919079
=700  \\$4ctb$aScholz, Bernhard$919063
=700  \\$4ctb$aSittard, Josef$d1846-1903$1http://www.wikidata.org/entity/Q4192323$97760
=700  \\$4ctb$aStransky, Josef$919082
=700  \\$4ctb$aVolbach, Fritz$d1861-1940$97447
=700  \\$4ctb$aVoltz, L.$919093
=700  \\$4ctb$aWidmann, Benedikt$919064
=700  \\$4ctb$aWitting, C.$919083
=942  \\$cPER
=952  \\$00$10$2ddc$3no. 100: L. van Beethoven: Violinkonzert$40$6PER_MF1$70$8PER$917459$aORPH$bORPH$cKM12_1$d2022-05-11$oPER MF1$p20116026$r2021-01-12 00:00:00$w2021-01-12$yPER
=952  \\$00$10$2ddc$3no. 103: Richard Strauss: Till Eulenspiegel's lustige Streiche$40$6PER_MF1$70$8PER$917460$aORPH$bORPH$cKM12_1$d2022-05-11$oPER MF1$p20116758$r2021-01-12 00:00:00$w2021-01-12$yPER
=952  \\$00$10$2ddc$3no. 11/12: Caesar Franck: Die Seligkeiten$40$6PER_MF1$70$8PER$917461$aORPH$bORPH$cKM12_1$d2022-05-10$oPER MF1$p20131654$r2021-01-12 00:00:00$w2021-01-12$yPER
=952  \\$00$10$2ddc$3no. 13/14: Jos. Haydn: Die Schöpfung (Ausgabe mit Text)$40$6PER_MF1$70$8PER$917462$aORPH$bORPH$cKM12_1$d2022-05-10$oPER MF1$p20131655$r2021-01-12 00:00:00$w2021-01-12$yPER
=952  \\$00$10$2ddc$3no. 148: Richard Strauss: Don Quixote$40$6PER_MF1$70$8PER$917463$aORPH$bORPH$cKM12_1$d2022-05-11$oPER MF1$p20116759$r2021-01-12 00:00:00$w2021-01-12$yPER
=952  \\$00$10$2ddc$3no. 154: Richard Strauss: Ein Heldenleben$40$6PER_MF1$70$8PER$917464$aORPH$bORPH$cKM12_1$d2022-05-11$oPER MF1$p20116726$r2021-01-12 00:00:00$w2021-01-12$yPER
=952  \\$00$10$2ddc$3no. 155: August Klughardt: Die Zerstörung Jerusalems $40$6PER_MF1$70$8PER$917465$aORPH$bORPH$cKM12_1$d2022-05-11$oPER MF1$p20116755$r2021-01-12 00:00:00$w2021-01-12$yPER
=952  \\$00$10$2ddc$3no. 15: Franz Schubert: Symphonie in H-moll$40$6PER_MF1$70$8PER$917466$aORPH$bORPH$cKM12_1$d2022-05-11$oPER MF1$p20131657$r2021-01-12 00:00:00$w2021-01-12$yPER
=952  \\$00$10$2ddc$3no. 16:  Johannes Brahms: Serenade für kleines Orchester in A-dur$40$6PER_MF1$70$8PER$917467$aORPH$bORPH$cKM12_1$d2022-05-11$oPER MF1$p20131658$r2021-01-12 00:00:00$w2021-01-12$yPER
=952  \\$00$10$2ddc$3no. 17: Peter Tschaikowsky: Serenade für Streichorchester in C-dur$40$6PER_MF1$70$8PER$917468$aORPH$bORPH$cKM12_1$d2022-05-11$oPER MF1$p20131660$r2021-01-12 00:00:00$w2021-01-12$yPER
=952  \\$00$10$2ddc$3no. 18: Johannes Brahms: Klavierkonzert in D-moll$40$6PER_MF1$70$8PER$917469$aORPH$bORPH$cKM12_1$d2022-05-11$oPER MF1$p20116041$r2021-01-12 00:00:00$w2021-01-12$yPER
=952  \\$00$10$2ddc$3no. 19/20: Joh. Seb. Bach: H-moll Messe (mit Text) $40$6PER_MF1$70$8PER$917470$aORPH$bORPH$cKM12_1$d2022-05-11$oPER MF1$p20116045$r2021-01-12 00:00:00$w2021-01-12$yPER
=952  \\$00$10$2ddc$3no. 1:  L. van Beethoven: 5. Symphonie in C-moll$40$6PER_MF1$70$8PER$917471$aORPH$bORPH$cKM12_1$d2022-05-09$oPER MF1$p20131641$r2021-01-12 00:00:00$w2021-01-12$yPER
=952  \\$00$10$2ddc$3no. 21/22: Georg Friedrich Händel: Samson$40$6PER_MF1$70$8PER$917472$aORPH$bORPH$cKM12_1$d2022-05-11$oPER MF1$p20116044$r2021-01-12 00:00:00$w2021-01-12$yPER
=952  \\$00$10$2ddc$3no. 23: Johannes Brahms: Sextett in B-dur $40$6PER_MF1$70$8PER$917473$aORPH$bORPH$cKM12_1$d2022-05-11$oPER MF1$p20116040$r2021-01-12 00:00:00$w2021-01-12$yPER
=952  \\$00$10$2ddc$3no. 24: L. van Beethoven: 2. Symphonie in D-dur$40$6PER_MF1$70$8PER$917474$aORPH$bORPH$cKM12_1$d2022-05-11$oPER MF1$p20116043$r2021-01-12 00:00:00$w2021-01-12$yPER
=952  \\$00$10$2ddc$3no. 25: Johannes Brahms: I. Akademische Festouverture, II. Tragische Ouverture $40$6PER_MF1$70$8PER$917475$aORPH$bORPH$cKM12_1$d2022-05-11$oPER MF1$p20116042$r2021-01-12 00:00:00$w2021-01-12$yPER
=952  \\$00$10$2ddc$3no. 26/27: Georg Friedrich Händel: Frohsinn, Schwermut und Mässigung$40$6PER_MF1$70$8PER$917476$aORPH$bORPH$cKM12_1$d2022-05-11$oPER MF1$p20116784$r2021-01-12 00:00:00$w2021-01-12$yPER
=952  \\$00$10$2ddc$3no. 269/270: Edward Elgar: Der Traum des Gerontius$40$6PER_MF1$70$8PER$917477$aORPH$bORPH$cKM12_1$d2022-05-11$oPER MF1$p20116756$r2021-01-12 00:00:00$w2021-01-12$yPER
=952  \\$00$10$2ddc$3no. 28/29: Friedrich Kiel: Christus $40$6PER_MF1$70$8PER$917478$aORPH$bORPH$cKM12_1$d2022-05-11$oPER MF1$p20116757$r2021-01-12 00:00:00$w2021-01-12$yPER
=952  \\$00$10$2ddc$3no. 2: Edgar Tinel: Franciscus$40$6PER_MF1$70$8PER$917479$aORPH$bORPH$cKM12_1$d2022-05-09$oPER MF1$p20131642$r2021-01-12 00:00:00$w2021-01-12$yPER
=952  \\$00$10$2ddc$3no. 30: L. van Beethoven: C-dur Messe$40$6PER_MF1$70$8PER$917480$aORPH$bORPH$cKM12_1$d2022-05-11$oPER MF1$p20116735$r2021-01-12 00:00:00$w2021-01-12$yPER
=952  \\$00$10$2ddc$3no. 31: Georg Friedrich Händel: Cäcilienode$40$6PER_MF1$70$8PER$917481$aORPH$bORPH$cKM12_1$d2022-08-16$l0$oPER MF1$p20116786$r2021-01-12 00:00:00$w2021-01-12$yPER
=952  \\$00$10$2ddc$3no. 32: Felix Draeseke: Symphonia tragica$40$6PER_MF1$70$8PER$917482$aORPH$bORPH$cKM12_1$d2022-05-11$oPER MF1$p20116764$r2021-01-12 00:00:00$w2021-01-12$yPER
=952  \\$00$10$2ddc$3no. 33: Hector Berlioz: Faust's Verdammnis$40$6PER_MF1$70$8PER$917483$aORPH$bORPH$cKM12_1$d2022-05-10$oPER MF1$p20116768$r2021-01-12 00:00:00$w2021-01-12$yPER
=952  \\$00$10$2ddc$3no. 34: L. van Beethoven: 1. Symphonie in C-dur$40$6PER_MF1$70$8PER$917484$aORPH$bORPH$cKM12_1$d2022-05-11$oPER MF1$p20116736$r2021-01-12 00:00:00$w2021-01-12$yPER
=952  \\$00$10$2ddc$3no. 35: Robert Schumann: 1. Symphonie in B-dur$40$6PER_MF1$70$8PER$917485$aORPH$bORPH$cKM12_1$d2022-08-16$l0$oPER MF1$p20116774$r2021-01-12 00:00:00$w2021-01-12$yPER
=952  \\$00$10$2ddc$3no. 36: Johannes Brahms: Konzert für Violine$40$6PER_MF1$70$8PER$917486$aORPH$bORPH$cKM12_1$d2022-08-16$l0$oPER MF1$p20116742$r2021-01-12 00:00:00$w2021-01-12$yPER
=952  \\$00$10$2ddc$3no. 37: Johannes Brahms: I. Schicksalslied, II. Gesang der Parzen $40$6PER_MF1$70$8PER$917487$aORPH$bORPH$cKM12_1$d2022-08-16$l0$oPER MF1$p20116743$r2021-01-12 00:00:00$w2021-01-12$yPER
=952  \\$00$10$2ddc$3no. 38/39: Joh. Seb. Bach: Matthäus-Passion $40$6PER_MF1$70$8PER$917488$aORPH$bORPH$cKM12_1$d2022-08-16$l0$oPER MF1$p20116782$r2021-01-12 00:00:00$w2021-01-12$yPER
=952  \\$00$10$2ddc$3no. 3: Johannes Brahms: Variationen über ein Thema von J. Haydn für Orchester$40$6PER_MF1$70$8PER$917489$aORPH$bORPH$cKM12_1$d2022-05-09$oPER MF1$p20131643$r2021-01-12 00:00:00$w2021-01-12$yPER
=952  \\$00$10$3no. 40/41: Johannes Brahms: Ein deutsches Requiem $40$6PER_MF1$70$8PER$917490$aORPH$bORPH$cKM12_1$d2022-08-16$l0$oPER MF1$p20116027$r2021-01-12 00:00:00$w2021-01-12$yPER
=952  \\$00$10$3no. 40/41: Johannes Brahms: Ein deutsches Requiem $40$6PER_MF1$70$8PER$917491$aORPH$bORPH$cKM12_1$d2022-08-16$l0$oPER MF1$p20116744$r2021-01-12 00:00:00$w2021-01-12$yPER
=952  \\$00$10$2ddc$3no. 42/43: Georg Friedrich Händel: Messias $40$6PER_MF1$70$8PER$917492$aORPH$bORPH$cKM12_1$d2022-08-16$l0$oPER MF1$p20116785$r2021-01-12 00:00:00$w2021-01-12$yPER
=952  \\$00$10$2ddc$3no. 44: Johannes Brahms: I. Alt-Rhapsodie, II. Nänie $40$6PER_MF1$70$8PER$917493$aORPH$bORPH$cKM12_1$d2022-08-16$l0$oPER MF1$p20116745$r2021-01-12 00:00:00$w2021-01-12$yPER
=952  \\$00$10$2ddc$3no. 45: Johannes Brahms: I. Trio für Clarinette etc. (op.114), II. Quintett für Clarinette etc. (op.115) $40$6PER_MF1$70$8PER$917494$aORPH$bORPH$cKM12_1$d2022-08-16$l0$oPER MF1$p20116746$r2021-01-12 00:00:00$w2021-01-12$yPER
=952  \\$00$10$2ddc$3no. 46: Richard Wagner: Liebesmahl der Apostel $40$6PER_MF1$70$8PER$917495$aORPH$bORPH$cKM12_1$d2022-08-16$l0$oPER MF1$p20116783$r2021-01-12 00:00:00$w2021-01-12$yPER
=952  \\$00$10$2ddc$3no. 47/48: L. van Beethoven: Missa solemnis$40$6PER_MF1$70$8PER$917496$aORPH$bORPH$cKM12_1$d2022-08-16$l0$oPER MF1$p20116738$r2021-01-12 00:00:00$w2021-01-12$yPER
=952  \\$00$10$2ddc$3no. 49: C. Saint-Saëns: Die Sündflut (le Déluge)$40$6PER_MF1$70$8PER$917497$aORPH$bORPH$cKM12_1$d2022-08-16$l0$oPER MF1$p20116762$r2021-01-12 00:00:00$w2021-01-12$yPER
=952  \\$00$10$2ddc$3no. 4:  L. van Beethoven: 9. Symphonie in D-moll$40$6PER_MF1$70$8PER$917498$aORPH$bORPH$cKM12_1$d2022-05-09$oPER MF1$p20131644$r2021-01-12 00:00:00$w2021-01-12$yPER
=952  \\$00$10$2ddc$3no. 4:  L. van Beethoven: 9. Symphonie in D-moll$40$6PER_MF1$70$8PER$917499$aORPH$bORPH$cKM12_1$d2022-05-09$oPER MF1$p20131645$r2021-01-12 00:00:00$w2021-01-12$yPER
=952  \\$00$10$2ddc$3no. 50: Josef Haydn: Symphonie in G-dur (gen. Oxford Symphonie)$40$6PER_MF1$70$8PER$917500$aORPH$bORPH$cKM12_1$d2022-08-16$l0$oPER MF1$p20116766$r2021-01-12 00:00:00$w2021-01-12$yPER
=952  \\$00$10$2ddc$3no. 51: L. van Beethoven: 3. Symphonie in Es-dur (Eroica)$40$6PER_MF1$70$8PER$917501$aORPH$bORPH$cKM12_1$d2022-08-16$l0$oPER MF1$p20116739$r2021-01-12 00:00:00$w2021-01-12$yPER
=952  \\$00$10$2ddc$40$6PER_MF1$70$8PER$917502$aORPH$bORPH$cKM12_1$d2022-08-16$l0$oPER MF1$p20116787$r2021-01-12 00:00:00$w2021-01-12$yPER
=952  \\$00$10$2ddc$3no. 55/56: G. Verdi: Messa da Requiem$40$6PER_MF1$70$8PER$917503$aORPH$bORPH$cKM12_1$d2022-08-16$l0$oPER MF1$p20116788$r2021-01-12 00:00:00$w2021-01-12$yPER
=952  \\$00$10$2ddc$3no. 57: Johannes Brahms: Sextett für Streichinstrumente$40$6PER_MF1$70$8PER$917504$aORPH$bORPH$cKM12_1$d2022-08-16$l0$oPER MF1$p20116016$r2021-01-12 00:00:00$w2021-01-12$yPER
=952  \\$00$10$2ddc$3no. 58: Felix Mendelssohn: 3. Symphonie in A-moll (gen. Schottische Symphonie)$40$6PER_MF1$70$8PER$917505$aORPH$bORPH$cKM12_1$d2022-08-16$l0$oPER MF1$p20116015$r2021-01-12 00:00:00$w2021-01-12$yPER
=952  \\$00$10$2ddc$3no. 59: Josef Haydn: Symphonie in G-dur (mit den Paukenschlag)$40$6PER_MF1$70$8PER$917506$aORPH$bORPH$cKM12_1$d2022-08-16$l0$oPER MF1$p20116014$r2021-01-12 00:00:00$w2021-01-12$yPER
=952  \\$00$10$2ddc$3no. 52/53: Johann Sebastian Bach: Johannes-Passion (mit Text)$40$6PER_MF1$70$8PER$917507$aORPH$bORPH$cKM12_1$d2022-05-09$oPER MF1$p20131646$r2021-01-12 00:00:00$w2021-01-12$yPER
=952  \\$00$10$2ddc$3no. 60: Robert Fuchs: Symphonie in C-dur$40$6PER_MF1$70$8PER$917508$aORPH$bORPH$cKM12_1$d2022-08-16$l0$oPER MF1$p20116012$r2021-01-12 00:00:00$w2021-01-12$yPER
=952  \\$00$10$2ddc$3no. 61: L. van Beethoven: 4. Symphonie in B-dur$40$6PER_MF1$70$8PER$917509$aORPH$bORPH$cKM12_1$d2022-08-16$l0$oPER MF1$p20116011$r2021-01-12 00:00:00$w2021-01-12$yPER
=952  \\$00$10$2ddc$3no. 62-63: Robert Schumann: Scenen aus Goethe's Faust$40$6PER_MF1$70$8PER$917510$aORPH$bORPH$cKM12_1$d2022-05-11$oPER MF1$p20116775$r2021-01-12 00:00:00$w2021-01-12$yPER
=952  \\$00$10$2ddc$3no. 64: Franz Liszt: Orpheus$40$6PER_MF1$70$8PER$917511$aORPH$bORPH$cKM12_1$d2022-05-11$oPER MF1$p20116778$r2021-01-12 00:00:00$w2021-01-12$yPER
=952  \\$00$10$2ddc$3no. 65: Franz Liszt: Les Préludes $40$6PER_MF1$70$8PER$917512$aORPH$bORPH$cKM12_1$d2022-05-11$oPER MF1$p20116779$r2021-01-12 00:00:00$w2021-01-12$yPER
=952  \\$00$10$2ddc$3no. 66: L. van Beethoven: 8. Symphonie in F-dur$40$6PER_MF1$70$8PER$917513$aORPH$bORPH$cKM12_1$d2022-05-11$oPER MF1$p20116741$r2021-01-12 00:00:00$w2021-01-12$yPER
=952  \\$00$10$3no. 67: Richard Strauss: Wanderers Sturmlied$40$6PER_MF1$70$8PER$917514$aORPH$bORPH$cKM12_1$d2022-08-16$l0$oPER MF1$p20116725$r2021-01-12 00:00:00$w2021-01-12$yPER
=952  \\$00$10$3no. 67: Richard Strauss: Wanderers Sturmlied$40$6PER_MF1$70$8PER$917515$aORPH$bORPH$cKM12_1$d2022-08-16$l0$oPER MF1$p20116760$r2021-01-12 00:00:00$w2021-01-12$yPER
=952  \\$00$10$2ddc$3no. 68: Robert Schumann: 2. Symphonie in C-dur$40$6PER_MF1$70$8PER$917516$aORPH$bORPH$cKM12_1$d2022-05-11$oPER MF1$p20116773$r2021-01-12 00:00:00$w2021-01-12$yPER
=952  \\$00$10$2ddc$3no. 54: W. A. Mozart: Symphonie in C-dur (Jupiter Symphonie)$40$6PER_MF1$70$8PER$917517$aORPH$bORPH$cKM12_1$d2022-08-16$l0$oPER MF1$p20116789$r2021-01-12 00:00:00$w2021-01-12$yPER
=952  \\$00$10$2ddc$3no. 69: W. A. Mozart: Symphonie in Es-dur$40$6PER_MF1$70$8PER$917518$aORPH$bORPH$cKM12_1$d2022-08-16$l0$oPER MF1$p20116781$r2021-01-12 00:00:00$w2021-01-12$yPER
=952  \\$00$10$2ddc$3no. 6:  Joseph Haydn: Symphonie in Es-dur$40$6PER_MF1$70$8PER$917519$aORPH$bORPH$cKM12_1$d2022-05-09$oPER MF1$p20131647$r2021-01-12 00:00:00$w2021-01-12$yPER
=952  \\$00$10$2ddc$3no. 70: Edward Grieg: Klavierkonzert in A-moll$40$6PER_MF1$70$8PER$917520$aORPH$bORPH$cKM12_1$d2022-05-11$oPER MF1$p20116761$r2021-01-12 00:00:00$w2021-01-12$yPER
=952  \\$00$10$2ddc$3no. 71: Franz Liszt: Ce qu'on entend sur la montagne$40$6PER_MF1$70$8PER$917521$aORPH$bORPH$cKM12_1$d2022-05-11$oPER MF1$p20116790$r2021-01-12 00:00:00$w2021-01-12$yPER
=952  \\$00$10$2ddc$3no. 72: L. van Beethoven: 7. Symphonie in A-dur$40$6PER_MF1$70$8PER$917522$aORPH$bORPH$cKM12_1$d2022-05-11$oPER MF1$p20116737$r2021-01-12 00:00:00$w2021-01-12$yPER
=952  \\$00$10$2ddc$3no. 73: Johannes Brahms: 1. Symphonie (C-moll)$40$6PER_MF1$70$8PER$917523$aORPH$bORPH$cKM12_1$d2022-05-11$oPER MF1$p20116747$r2021-01-12 00:00:00$w2021-01-12$yPER
=952  \\$00$10$2ddc$3no. 74/75: Felix Mendelssohn: Paulus (mit Text)$40$6PER_MF1$70$8PER$917524$aORPH$bORPH$cKM12_1$d2022-05-11$oPER MF1$p20116751$r2021-01-12 00:00:00$w2021-01-12$yPER
=952  \\$00$10$2ddc$3no. 76: Franz Liszt: Mazeppa$40$6PER_MF1$70$8PER$917525$aORPH$bORPH$cKM12_1$d2022-05-11$oPER MF1$p20116791$r2021-01-12 00:00:00$w2021-01-12$yPER
=952  \\$00$10$2ddc$3no. 77/78: Max Schillings: Ingwelde $40$6PER_MF1$70$8PER$917526$aORPH$bORPH$cKM12_1$d2022-05-11$oPER MF1$p20116763$r2021-01-12 00:00:00$w2021-01-12$yPER
=952  \\$00$10$2ddc$3no. 79/80: Felix Draeseke: Requiem$40$6PER_MF1$70$8PER$917527$aORPH$bORPH$cKM12_1$d2022-05-11$oPER MF1$p20116765$r2021-01-12 00:00:00$w2021-01-12$yPER
=952  \\$00$10$2ddc$3no. 7: Franz Schubert: Symphonie in C-dur$40$6PER_MF1$70$8PER$917528$aORPH$bORPH$cKM12_1$d2022-05-09$oPER MF1$p201316348$r2021-01-12 00:00:00$w2021-01-12$yPER
=952  \\$00$10$2ddc$3no. 81: L. van Beethoven: 6. Symphonie (Pastorale)$40$6PER_MF1$70$8PER$917529$aORPH$bORPH$cKM12_1$d2022-05-11$oPER MF1$p20116740$r2021-01-12 00:00:00$w2021-01-12$yPER
=952  \\$00$10$2ddc$3no. 82: Franz Liszt: I. Tasso. Lamento e trionfo, II. Le triomphe funèbre du Tasse$40$6PER_MF1$70$8PER$917530$aORPH$bORPH$cKM12_1$d2022-08-16$l0$oPER MF1$p20116780$r2021-01-12 00:00:00$w2021-01-12$yPER
=952  \\$00$10$2ddc$3no. 83: Max Bruch: Frithjof$40$6PER_MF1$70$8PER$917531$aORPH$bORPH$cKM12_1$d2022-05-11$oPER MF1$p20116777$r2021-01-12 00:00:00$w2021-01-12$yPER
=952  \\$00$10$2ddc$3no. 84/85: Josef Haydn: Die Jahreszeiten$40$6PER_MF1$70$8PER$917532$aORPH$bORPH$cKM12_1$d2022-05-11$oPER MF1$p20116767$r2021-01-12 00:00:00$w2021-01-12$yPER
=952  \\$00$10$3no. 86: Johannes Brahms: II. Symphonie in D-dur$40$6PER_MF1$70$8PER$917533$aORPH$bORPH$cKM12_1$d2022-08-16$l0$oPER MF1$p20116017$r2021-01-12 00:00:00$w2021-01-12$yPER
=952  \\$00$10$3no. 86: Johannes Brahms: II. Symphonie in D-dur$40$6PER_MF1$70$8PER$917534$aORPH$bORPH$cKM12_1$d2022-08-16$l0$oPER MF1$p20116037$r2021-01-12 00:00:00$w2021-01-12$yPER
=952  \\$00$10$2ddc$3no. 87/88: Felix Mendelssohn: Elias (mit Text)$40$6PER_MF1$70$8PER$917535$aORPH$bORPH$cKM12_1$d2022-05-11$oPER MF1$p20116750$r2021-01-12 00:00:00$w2021-01-12$yPER
=952  \\$00$10$2ddc$3no. 89: Robert Schumann: Das Paradies und die Peri$40$6PER_MF1$70$8PER$917536$aORPH$bORPH$cKM12_1$d2022-05-11$oPER MF1$p20116776$r2021-01-12 00:00:00$w2021-01-12$yPER
=952  \\$00$10$2ddc$3no. 8: W. A. Mozart: Symphonie in G-moll$40$6PER_MF1$70$8PER$917537$aORPH$bORPH$cKM12_1$d2022-05-09$oPER MF1$p20131649$r2021-01-12 00:00:00$w2021-01-12$yPER
=952  \\$00$10$3no. 90: Felix Mendelssohn-Bartholdy: Klavierkonzert in G-moll$40$6PER_MF1$70$8PER$917538$aORPH$bORPH$cKM12_1$d2022-08-16$l0$oPER MF1$p20116033$r2021-01-12 00:00:00$w2021-01-12$yPER
=952  \\$00$10$3no. 90: Felix Mendelssohn-Bartholdy: Klavierkonzert in G-moll$40$6PER_MF1$70$8PER$917539$aORPH$bORPH$cKM12_1$d2022-08-16$l0$oPER MF1$p20116754$r2021-01-12 00:00:00$w2021-01-12$yPER
=952  \\$00$10$2ddc$3no. 9/10: Hector Berlioz: Requiem$40$6PER_MF1$70$8PER$917540$aORPH$bORPH$cKM12_1$d2021-11-23$oPER MF1$p20131650$r2021-01-12 00:00:00$w2021-01-12$yPER
=952  \\$00$10$3no. 91: Felix Mendelssohn-Bartholdy: Klavierkonzert in D-moll$40$6PER_MF1$70$8PER$917541$aORPH$bORPH$cKM12_1$d2022-08-16$l0$oPER MF1$p20116035$r2021-01-12 00:00:00$w2021-01-12$yPER
=952  \\$00$10$3no. 91: Felix Mendelssohn-Bartholdy: Klavierkonzert in D-moll$40$6PER_MF1$70$8PER$917542$aORPH$bORPH$cKM12_1$d2022-08-16$l0$oPER MF1$p20116753$r2021-01-12 00:00:00$w2021-01-12$yPER
=952  \\$00$10$2ddc$3no. 92: Hector Berlioz: Romeo und Julie$40$6PER_MF1$70$8PER$917543$aORPH$bORPH$cKM12_1$d2021-11-23$oPER MF1$p20116769$r2021-01-12 00:00:00$w2021-01-12$yPER
=952  \\$00$10$2ddc$3no. 93: Friedrich Smetana: Mein Vaterland (I.)$40$6PER_MF1$70$8PER$917544$aORPH$bORPH$cKM12_1$d2022-05-11$oPER MF1$p20116748$r2021-01-12 00:00:00$w2021-01-12$yPER
=952  \\$00$10$2ddc$3no. 94: Friedrich Smetana: Mein Vaterland (II.)$40$6PER_MF1$70$8PER$917545$aORPH$bORPH$cKM12_1$d2022-05-11$oPER MF1$p20116749$r2021-01-12 00:00:00$w2021-01-12$yPER
=952  \\$00$10$2ddc$3no. 95: Friedrich Smetana: Mein Vaterland (III.)$40$6PER_MF1$70$8PER$917546$aORPH$bORPH$cKM12_1$d2022-05-11$oPER MF1$p20116752$r2021-01-12 00:00:00$w2021-01-12$yPER
=952  \\$00$10$2ddc$3no. 96: Robert Volkmann: Ouverture zu Shakespeare's Richard III$40$6PER_MF1$70$8PER$917547$aORPH$bORPH$cKM12_1$d2022-05-11$oPER MF1$p20116792$r2021-01-12 00:00:00$w2021-01-12$yPER
=952  \\$00$10$2ddc$3no. 98: L. van Beethoven: Phantasie für Pianoforte, Chor und Orchester$40$6PER_MF1$70$8PER$917548$aORPH$bORPH$cKM12_1$d2022-05-11$oPER MF1$p20116019$r2021-01-12 00:00:00$w2021-01-12$yPER
=999  \\$d17420

