=LDR  01111aam a2200265   4500
=001  17561
=005  20250120120159.0
=008  140613s1981\\\\\\\\\\\\\\\\\\\\\\0\ger
=020  \\$a3883772402
=041  \\$ager
=245  \\$aRobert Schumann
=260  \\$aMunich$bEdidtion text + kritik$c1981
=300  \\$a2 vols. (346+390 pages)
=490  \\$aMusik-Konzepte Sonderband
=600  \0$aSchumann, Robert$d1810-1856$1http://www.wikidata.org/entity/Q7351$913977
=648  \0$a19th Century (1801-1900)$1http://www.wikidata.org/entity/Q6955$920935
=650  \0$aComposer$1http://www.wikidata.org/entity/Q36834$93625
=650  \0$aMusical analysis$1http://www.wikidata.org/entity/Q1544924$92775
=651  \0$aGermany$1http://www.wikidata.org/entity/Q183$9155
=700  \\$4edt$aMetzger, Heinz-Klaus$d1932-2009$916532
=700  \\$4edt$aRiehn, Rainer$916533
=942  \\$cBOO
=952  \\$00$10$40$70$8PER$917608$aORPH$bORPH$cKM12_1$d2022-01-06$p20114642$r2021-01-12 00:00:00$w2021-01-12$yBOO
=952  \\$00$10$40$70$8PER$917609$aORPH$bORPH$cKM12_1$d2022-01-06$p20114643$r2021-01-12 00:00:00$w2021-01-12$yBOO
=999  \\$d17561

