=LDR  00568aam a2200169   4500
=001  17576
=005  20250120120056.0
=008  120322s1990\\\\\\\\\\\\\\\\\\\\\\0\d
=020  \\$a978-3890071961
=041  \\$ager
=100  \\$aMotte-Haber, Helga de la$4aut$916944
=245  \\$aMusik und bildende Kunst: von der Tonmalerei zur Klangskulptur
=260  \\$aLaaber$bLaaber-Verlag$c1990
=300  \\$a305 p.
=942  \\$cBOO
=952  \\$00$10$2ddc$40$6VIS_MOTT$70$8VIS$917623$aORPH$bORPH$cKTS1_H$d2022-09-20$l0$oVIS MOTT$p20136002$r2021-01-12 00:00:00$w2021-01-12$yBOO
=999  \\$c17576$d17576

