=LDR  00675aam a2200193   4500
=001  17577
=005  20250120120044.0
=008  120214s2006\\\\\\\\\\\\\\\\\\\\\\0\ger
=020  \\$a3890074308
=041  \\$ager
=245  \\$aMusik und Kulturbetrieb:$bMedien, Märkte, Instrumente
=260  \\$aLaaber$bLaaber-Verlag$c2006
=300  \\$a368 pages
=650  \0$aEconomy$1http://www.wikidata.org/entity/Q159810$921625
=700  \\$4edt$aJacobshagen, Arnold$918518
=700  \\$4edt$aReininghaus, Frieder$916507
=942  \\$cBOO
=952  \\$00$10$2ddc$40$6GHM_7_000000000000000$70$8GHM$917624$aORPH$bORPH$cKM12_1$d2021-11-04$oGHM7$p20134975$r2021-01-12 00:00:00$w2021-01-12$yBOO
=999  \\$d17577

