=LDR  02573aam a2200325   4500
=001  17581
=003  OSt
=005  20250926134858.0
=008  120209s1995\\\\\\\\\\\\\\\\\\\\\\0\ger
=020  \\$a3890072658
=040  \\$cOI
=041  \\$ager
=100  \\$aMotte-Haber, Helga de la$4edt$916944
=245  \\$aMusik und Religion
=260  \\$aLaaber$bLaaber-Verlag$c1995
=300  \\$a286 pages
=505  \\$aVorwort : Transzendenz -- Imagination -- Musik / Helga de la Motte-Haber -- Antike Mythen vom Ursprung der Musik / von Albrecht Riethmüller -- Die Musik als Abbild göttlicher Ordnungen: Mittelalterliche Wirklichkeit, Wahrnehmungsweisen, Deutungsschemata / von Hartmut Möller -- "Dem Höchsten Gott allein zu Ehren, dem Nechsten, draus sich zu belehren": die musikalische Wissenschaft des Johann Sebastian Bach / von Christian Martin Schmidt -- Absolute Musik und Kunstreligion um 1800 / von Wilhelm Seidel -- Kunst als Religion und Religion als Kunst: zur Kunst- und Religionsphilosophie Richard Wagners / von Heinz von Loesch -- Musik und Religion im russischen Symbolismus / von Barbara Barthelmes -- Arnold Schönberg: ein religiöser Modernist? Von der "Jakobsleiter"-Vision zum "Überlebenden aus Warschau" / von Tomi Mäkela -- Der amerikanische Transzendentalismus / von Wolfgang Rathert -- Grenzüberschreitung als Sinngebung in der Musik des 20. Jahrhunderts / von Helga de la Motte-Haber --
Sakrale Sehnsüchte: über den "unstillbaren ontologischen Durst" in der Musik der Gegenwart / von Peter Niklas Wilson -- Popmusik und Gnosis: aus dem "Gesangbuch" einer wiederentdeckten Weltreligion / von Bernd Schwarze
=600  \0$aBach, Johann Sebastian$d1685-1750$1http://www.wikidata.org/entity/Q1339$94766
=600  \0$aWagner, Richard$d1813-1883$1http://www.wikidata.org/entity/Q1511$97120
=600  \0$aSchoenberg, Arnold$d1874-1951$1http://www.wikidata.org/entity/Q154770$915986
=648  \0$aPast$1http://www.wikidata.org/entity/Q192630$922196
=650  \0$aReligion$1http://www.wikidata.org/entity/Q9174$93062
=650  \0$aMusic history$1http://www.wikidata.org/entity/Q846047$921373
=650  \0$aPopular music$1http://www.wikidata.org/entity/Q373342$922015
=651  \0$aGermany$1http://www.wikidata.org/entity/Q183$9155
=651  \0$aUSA$1http://www.wikidata.org/entity/Q30$943
=651  \0$aRussia$1http://www.wikidata.org/entity/Q159$921008
=942  \\$cBOO
=952  \\$00$10$2ddc$40$6GEN_2_000000000000000$70$8GEN$917628$aORPH$bORPH$cKM12_1$d2022-01-05$l1$oGEN2$p20126017$r2024-01-24 00:00:00$s2024-01-09$w2021-01-12$yBOO
=999  \\$d17581

