=LDR  03534aam a2200349   4500
=001  17582
=005  20250120120531.0
=008  190819s1984\\\\\\\\\\\\\\\\\\\\\\0\mul
=020  \\$a3761807449
=041  \\$ager$aeng$aita$afre
=245  \\$aMusik und Text in der Mehrstimmigkeit des 14. und 15. Jahrhunderts
=260  \\$aKassel$aBasel$aLondon$bBärenreiter$c1984
=300  \\$a488 pages
=490  \\$aGöttinger musikwissenschaftliche Arbeiten$v10
=505  \\$aRectitudo - pulchritudo - enormitas: Spätmittelalterliche Erwägungen zum Verhältnis von materia und cantus / Fritz Reckow -- Sprache und Musik im italienischen Trecento: Zur Frage einer Frührenaissance / Kurt von Fischer -- The musical and literary tradition of 14th century poetry set to music / F. Alberto Gallo -- Silben- und Wortwiederholungen im italienischen Liedrepertoire des späten Trecento und frühen Quattrocento / Dorothea Baumann -- Ripetizioni di sillabe e parole nella musica profana italiana del Trecento e del primo Quattrocento: Proposte di classificazione e prime riflessioni / Agostino Ziino -- The relationship of text to imitative technique in 14th century polyphony / Virginia Newes -- The late mediaeval French lyric: with music and without / Nigel Wilkins -- A consideration of the relative importance of words and music in composition from the 13th to the 15th century / Gilbert Reaney -- Questions à propos d'un fragment récemment découvert d'une chanson du XIV siècle : une autre version de Par maintes fois ai owi de Johannes Vaillant / Fernand Leclercq -- Sinnbezüge zwischen Text und Musik in ars nova und ars subtilior / Ursula Günther -- On the question of word-tone relations in early music / Don Harran -- Text setting in sacred music of the early 15th century: evidence and implications / Margaret Bent -- Zur Textunterlegungspraxis in der Mehrstimmigkeit des 14. und 15. Jahrhunderts und über einige in Polen neu- und wiedergefundene Quellen dieser Zeit / Miroslaw Perz -- Et incarnatus est - Zur Entwicklung des Wort-Ton-Verhältnisses in der Meßkomposition des 15. Jahrhundertys anhand einer zentralen Passage / Peter Gülke -- Paroles et musique dans le manuscrit Latin 16664 de la Bibliothèque Nationale de Paris -- 'Contrafacta' internazionali: musiche europee per laude italiane / Giulio Cattin
=590  \\$aVorträge des Gastsymposions in der Herzog August Bibliothek Wolfenbüttel, 8. bis 12. September 1980
=648  \0$aMiddle Ages (500-1400)$1http://www.wikidata.org/entity/Q12554$920964
=650  \0$aVocal music$1http://www.wikidata.org/entity/Q685884$93319
=650  \0$aMusical analysis$1http://www.wikidata.org/entity/Q1544924$92775
=650  \0$aPoetry$1http://www.wikidata.org/entity/Q482$93026
=650  \0$aSong$1http://www.wikidata.org/entity/Q7366$94164
=650  \0$aText$1http://www.wikidata.org/entity/Q234460$94267
=650  \0$aArs nova$1http://www.wikidata.org/entity/Q210854$923087
=650  \0$aArs subtilior$1http://www.wikidata.org/entity/Q704073$923088
=650  \0$aMass$1http://www.wikidata.org/entity/Q217295$92735
=650  \0$aContrafactum$1http://www.wikidata.org/entity/Q1783270$922210
=651  \0$aEurope$1http://www.wikidata.org/entity/Q46$991
=700  \\$4edt$aGünther, Ursula$918733
=700  \\$4edt$aFinscher, Ludwig$d1930-2020$1http://www.wikidata.org/entity/Q88586$918734
=942  \\$cBOO
=952  \\$00$10$2ddc$40$6GHM_4_000000000000000$70$8GHM$917629$aORPH$bORPH$cKM12_1$d2022-09-05$l0$oGHM4$p20130580$r2021-01-12 00:00:00$w2021-01-12$yBOO
=999  \\$d17582

