=LDR  02283aam a2200193   4500
=001  17584
=005  20250120115954.0
=008  110829s2003\\\\\\\\\\\\\\\\\\\\\\0\ger
=020  \\$a9783761810521
=041  \\$ager
=100  \\$aSchwindt, Nicole$4aut$914884
=245  \\$aMusikwissenschaftliches Arbeiten : Hilfsmittel - techniken - aufgaben
=250  \\$a5
=260  \\$aKassel$bBärenreiter$c2003
=300  \\$a251 pages
=520  \\$aPressestimmen
"Vielleicht ist dies das Eindrücklichste an dem Buch von Schwindt-Gross (das sich, erstaunlich genug, auf weite Strecken auch 'lesen' statt nur 'nachschlagen' lässt): 'Wissenschaftliches' wird in ihm nicht zum Selbstzweck. Alles Technische ist, wo immer möglich, konkret rückgebunden an das, worum es geht: Musik." (Clemens Kühn, Musica 5/1992)

Clemens Kühn, Musica 5/1992
"Vielleicht ist dies das Eindrücklichste an dem Buch von Schwindt-Gross (das sich, erstaunlich genug, auf weite Strecken auch ,lesen' statt nur ,nachschlagen' läßt): ,Wissenschaftliches' wird in ihm nicht zum Selbstzweck. Alles Technische ist, wo immer möglich, konkret rückgebunden an das, worum es geht: Musik."

Kurzbeschreibung
Welche Teilgebiete hat die Musikwissenschaft? Welche Hilfsmittel stehen dem Studenten und Forscher zur Verfügung? Welche Quellen gibt es, und wo findet man sie? Wie verfaßt man eine schriftliche Arbeit, wie hält man ein Referat, wie zitiert man? - Fragen über Fragen, die am Anfang der wissenschaftlichen Beschäftigung mit Musik stehen. Das Buch, ein Novum unter den Musikbüchern, gibt die passenden Antworten. Es ist das erste wirklich elementare Lernbuch, das die "überlebenswichtigen" Fragen an Hochschulen und Universitäten anspricht, Lösungsvorschläge anbietet und so die "Erste Allgemeine Verunsicherung" unter Studenten und Dozenten beseitigt. Dem Anfänger vermittelt es Schritt für Schritt die notwendigen handwerklichen Grundlagen und führt ihn mit Aufgaben, Anregungen und vielen Tips durch den Dschungel des Musikstudiums, dem Lehrer oder Dozenten bietet es eine Fülle von Informationen für die tägliche Arbeit.
=942  \\$cBOO
=952  \\$00$10$2ddc$40$6REF_2_000000000000000_SCHW$70$8REF$917631$aORPH$bORPH$cKM12_1$d2021-08-24$oREF2 SCHW$p20131191$r2021-01-12 00:00:00$w2021-01-12$yBOO
=999  \\$d17584

