=LDR  00855aam a2200193   4500
=001  17586
=005  20250821130545.0
=008  201111s1987\\\\sz\f\\\\\\\\\\\\\\0\fre\d
=100  \\$aClerc, Pierre-Alain$4aut$919113
=245  \\$aMusique Ancienne
=260  \\$aLausanne $c1987
=336  \\$aprinted
=505  \\$gConcert/event program
=650  \0$aOrgan music$1http://www.wikidata.org/entity/Q2003283$91951
=651  \0$aSwitzerland$1http://www.wikidata.org/entity/Q39$920954
=942  \\$cBOO
=952  \\$00$10$2ddc$40$6INS_3_100000000000000_A_CH$70$8INS$917633$aORPH$bORPH$cKTS0$d2021-07-07$eKoopman$i28E26-XVII$oINS3.1 a CH$p20130397$r2021-01-12 00:00:00$w2021-01-12$yBOO
=952  \\$00$10$2ddc$40$6INS_3_100000000000000_A_CH$70$8INS$921289$aORPH$bORPH$cKTS0$d2021-07-07$eKoopman$i24B36$l0$oINS3.1 a CH$p20138365$r2022-02-11 00:00:00$w2021-01-12$yBOO
=999  \\$d17586

