=LDR  02949aam a2200229   4500
=001  17596
=003  OSt
=005  20250925143304.0
=008  120315r19991997\\\\\\\\\\\\\\\\\\0\fre\d
=020  \\$a9782012789897
=040  \\$cST
=041  \\$afre
=100  \\$aVon der Weid, Jean-Noël$4aut$919123
=245  \\$aLa musique du XXe siècle
=260  \\$aParis$bHachette$c1999
=300  \\$a442 pages
=520  \\$aIl manquait un ouvrage de référence sur la musique du XXe siècle : Jean-Noël von der Weid comble cette lacune avec une véritable encyclopédie de la création musicale. De Debussy, l'École de Vienne, Varèse, Bartok et Stravinsky aux métissages actuels entre la musique d'art dite savante et le jazz, le rock, le rap, la house music ou les musiques extra-européennes, il décrypte les courants qui ont marqué le siècle (sérialisme, minimalisme, spectralisme, indétermination, complexisme, musiques concrète, acousmatique, électroacoustique, électronique, écologie acoustique...) et offre une généalogie exhaustive de la musique de notre temps. L'auteur étudie en outre les interactions qu'entretient la musique avec l'ensemble des arts - la danse, mais aussi la littérature, le théâtre, la peinture, le cinéma, la vidéo, le multimédia... Cette somme, qui propose une nouvelle manière d'écouter et de penser la
musique qui se crée, s'adresse au spécialiste comme au profane : les notions clés, les techniques, les instruments, les centres de création, les instituts et les studios informatiques font l'objet de " zooms " sous forme d'encadrés, les compositeurs et les musiciens, de notices biographiques ; chaque ?uvre est analysée, commentée (une cinquantaine de reproductions d'autographes originaux permettent également de suivre l'évolution de la notation musicale). L'ouvrage, organisé par pays - la France ou l'Allemagne, le Canada ou la Chine, la Serbie ou l'Islande - n'oublie pas le contexte dans lequel s'inscrit cette création foisonnante - les tournants historiques expliquent souvent les mouvements esthétiques. Sa présentation efficace et particulièrement claire, étayée par une discographie
sélective, une bibliographie multilingue et un index détaillé de plus de 6 000 entrées, son contenu savant et rigoureux font de La musique du XXe siècle l'outil indispensable au lecteur qui recherche des informations précises. L'ouvrage de Jean-Noël von der Weid offre, pour la première fois, le panorama
complet et érudit d'un siècle de création musicale dont l'extraordinaire vitalité irrigue déjà les esthétiques du nouveau millénaire
=648  \0$a20th Century (1901-2000)$1http://www.wikidata.org/entity/Q6927$920936
=650  \0$aMusic history$1http://www.wikidata.org/entity/Q846047$921373
=942  \\$cBOO
=952  \\$00$10$2ddc$40$6GHM_7_000000000000000$70$8GHM$917643$aORPH$bORPH$cKM12_1$d2022-08-30$l0$oGHM7$p20130757$r2021-01-12 00:00:00$w2021-01-12$yBOO
=999  \\$d17596

