=LDR  00496aam a2200157   4500
=001  17609
=005  20230123104819.0
=008  131105s1943\\\\\\\\\\\\\\\\\\\\\\0\f
=041  \\$af
=100  \\$aBergmans, Simone$4aut$919132
=245  \\$aMusique et littérature
=260  \\$aBrussels$bOffice de publicité$c1943
=300  \\$a83
=942  \\$cBOO
=952  \\$00$10$2ddc$40$6LIT_BERG_A$70$8LIT$917656$aORPH$bORPH$cKM12_2_H$d2021-08-30$oLIT BERG a$p20131089$r2021-01-12 00:00:00$w2021-01-12$yBOO
=999  \\$c17609$d17609

