=LDR  01800aam a2200229   4500
=001  17614
=005  20251103124736.0
=008  170116s1981\\\\fr\\\\\\\\\\\\\\\\0\fre\d
=020  \\$a2130372783
=041  \\$afre
=100  \\$aCortot, Alfred$d1877-1962$4aut$1http://www.wikidata.org/entity/Q116057$95836
=245  \\$aLa musique française de piano
=260  \\$aParis$bPresses Universitaires de France$c1981
=300  \\$a762 pages
=520  \\$aJe souhaite qu'on veuille bien parcourir les pages qui suivent en tenant compte des intentions qui les ont dictées. Ce sont, avant tout, des notations d'interprète désireux de faire partager ses impressions et de mettre les auditeurs d'Suvres qu'il chérit dans un état de réceptivité analogue au sien. On y prétend moins à la rigueur de l'analyse musicale et à l'ingéniosité de la considération esthétique qu'à l'expression du caractère poétique des compositions qui en font l'objet. Mon but sera pleinement atteint si la lecture de ces commentaires incite quelques amoureux du piano à s'émerveiller avec moi de la diversité des oeuvres profondes, délicates ou pittoresques dans lesquelles s'inscrit le génie inventif des musiciens de notre race et de notre époque et dont l'ensemble reflète un des moments les plus parfaits de l'histoire musicale de notre pays.
=650  \0$1http://www.wikidata.org/entity/Q5994$aPiano$92127
=650  \0$1http://www.wikidata.org/entity/Q1668139$aMusical interpretation$94533
=650  \0$1http://www.wikidata.org/entity/Q36279$aBiography$91927
=651  \0$aFrance$1http://www.wikidata.org/entity/Q142$9131
=942  \\$cBOO
=952  \\$00$10$2ddc$40$6INS_3_000000000000000_3A_FR$70$8INS$917662$aORPH$bORPH$cKTS0$d2023-09-22$l0$oINS3.3a FR$p20130725$r2021-01-12 00:00:00$w2021-01-12$yBOO
=999  \\$d17614

