=LDR  01200aam a2200217   4500
=001  17615
=008  131113s1948\\\\fr\\\\\\\\\\\\\\\\0\fre\d
=041  \\$afre
=100  \\$aCortot, Alfred$d1877-1962$4aut$1http://www.wikidata.org/entity/Q116057$95836
=245  \\$aLa musique française de piano
=260  \\$aParis$bPresses Universitaires de France$c1948
=300  \\$a3 vols. (253+253+293)
=650  \0$1http://www.wikidata.org/entity/Q5994$aPiano$92127
=650  \0$1http://www.wikidata.org/entity/Q36279$aBiography$91927
=650  \0$1http://www.wikidata.org/entity/Q846047$aMusic history$921373
=651  \0$aFrance$1http://www.wikidata.org/entity/Q142$9131
=942  \\$cBOO
=952  \\$00$10$2ddc$3Vol. 1$40$6INS_3_000000000000000_3A_FR$70$8INS$917663$aORPH$bORPH$cKTS0$d2023-09-22$l0$oINS3.3a FR$p20131031$r2021-01-12 00:00:00$w2021-01-12$yBOO
=952  \\$00$10$2ddc$3Vol. 2$40$6INS_3_000000000000000_3A_FR$70$8INS$917664$aORPH$bORPH$cKTS0$d2023-09-22$l0$oINS3.3a FR$p20131032$r2021-01-12 00:00:00$w2021-01-12$yBOO
=952  \\$00$10$2ddc$3Vol. 3$40$6INS_3_000000000000000_3A_FR$70$8INS$917665$aORPH$bORPH$cKTS0$d2023-09-22$l0$oINS3.3a FR$p20131040$r2021-01-12 00:00:00$w2021-01-12$yBOO
=999  \\$d17615

