=LDR  00965aam a2200241   4500
=001  17619
=005  20250716125629.0
=008  151006s2009\\\\\\\\\\\\\\\\\\\\\\0\f
=020  \\$a9782271068965
=041  \\$afre
=100  \\$4edt$aCoin, Christophe$eEditor$919136
=245  \\$aMusique, images, instruments : Le pianoforte en France (1780-1820)
=260  \\$aParis$bCNRS Editions$c2009
=300  \\$a283 p.
=490  \\$aRevue française d'organologie et d'iconographie musicale$v11
=651  \0$aFrance$1http://www.wikidata.org/entity/Q142$9131
=653  \\$apianoforte
=700  \\$4edt$aVisscher, Eric de$eEditor$917870
=700  \\$4edt$aGétreau, Florence$eEditor$919138
=942  \\$cBOO
=952  \\$00$10$40$70$8INS$917666$aORPH$bORPH$cKTS0$d2021-01-12$l0$r2021-01-12 00:00:00$w2021-01-12$yBOO
=952  \\$00$10$40$70$8INS$917667$aORPH$bORPH$cKTS0$g33.00$l1$m4$p20115805$q2022-03-16$r2021-03-10 00:00:00$s2021-03-10$w2021-01-12$yBOO$Vamazon.fr
=999  \\$c17619$d17619

