=LDR  01357aam a2200253   4500
=001  17622
=005  20250120120047.0
=008  150506s1974\\\\\\\\\\\\\\\\\\\\\\0\fre\d
=041  \\$afre
=100  \\$aCollaer, Paul$d1891-1989$1http://www.wikidata.org/entity/Q1951938$4aut$916552
=245  \\$aLa musique populaire traditionelle en Belgique
=260  \\$aBrussels$bAcadémie royale de Belgique$c1974
=300  \\$a2 vols. (200-[16]+[56] pages)
=490  \\$aMémoires de la classe des Beaux-Arts$vCollection in-4°-2e série, Tome XIV-fascicule 1a-b, 1974
=500  \\$aVol.1: Texte et Planches - Vol.2: Exemples Musicaux
=648  \0$aPast$1http://www.wikidata.org/entity/Q192630$922196
=650  \0$aPopular music$1http://www.wikidata.org/entity/Q373342$922015
=650  \0$aFolk music$1http://www.wikidata.org/entity/Q43343$921594
=650  \0$aMusic history$1http://www.wikidata.org/entity/Q846047$921373
=651  \0$aBelgium$1http://www.wikidata.org/entity/Q31$920881
=942  \\$cBOO
=952  \\$00$10$2ddc$3Exemples musicaux$40$6TOP_BE_0_000000000000000$70$8TOP$917670$aORPH$bORPH$cKTS0$d2022-07-02$g35.00$oTOP BE 0$p20130705$r2021-01-12 00:00:00$w2021-01-12$yBOO
=952  \\$00$10$2ddc$3Texte et planches$40$6TOP_BE_0_000000000000000$70$8TOP$917671$aORPH$bORPH$cKTS0$d2022-07-02$oTOP BE 0$p20130706$r2021-01-12 00:00:00$w2021-01-12$yBOO
=999  \\$d17622

