=LDR  01531aam a2200193   4500
=001  17628
=005  20230123104820.0
=008  120312s2011\\\\\\\\\\\\\\\\\\\\\\0\fre
=020  \\$a9782915378467
=041  \\$afre
=100  \\$aRobert, Philippe$4aut$919144
=245  \\$aMusiques expérimentales: Une anthologie transversale d'enregistrements emblématiques
=250  \\$a2
=260  \\$aMarseille$bLe mot et le reste$c2011
=300  \\$a393 pages
=520  \\$aDes futuristes des années 1910 aux réductionnistes à l?amorce des années 2000, l?histoire de la musique du vingtième siècle (et du vingt-et-unième naissant) aura été marquée par l?idée d?expérimentation. Celle-ci, et pas seulement dans l?avant-garde, paraît s?être exprimée dans tous les domaines apparus alors, qu?il s?agisse entre autres de la musique électroacoustique, du jazz (quand celui-ci s?est dit ? free ? par exemple) ou du rock (qu?il ait été ? kraut ? dans les années 1970 en Allemagne, ? en opposition ? au milieu des mêmes années en Europe, ou encore ? bruitiste ? au Japon dans les années 1990). Comme si la musique, quand elle souhaite échapper à l?intimidation dominante, devait perpétuellement s?inventer afin de continuer à être. Voilà l?histoire que raconte cette anthologie, au travers d?indomptables réfractaires à toute forme d?académisme.
=942  \\$cBOO
=952  \\$00$10$2ddc$40$6REF_1_000000000000000$70$8REF$917676$aORPH$bORPH$cKM12_1$d2021-08-30$g23.00$oREF1$p20134063$r2021-01-12 00:00:00$w2021-01-12$yBOO
=999  \\$d17628

