=LDR  01912aam a2200229   4500
=001  17629
=005  20251001162234.0
=008  120308s2003\\\\\\\\\\\\\\\\\\\\\\0\dut\d
=020  \\$a9789028933590
=041  \\$adut
=100  \\$aDe Visscher, Jacques$4aut$918632
=245  \\$aMuzenschemering:$bkunstwerken in een tijd van nostalgie en restauratie
=260  \\$aKampen$bKlement$c2003
=300  \\$a136 pages
=520  \\$aJarenlange omgang met kunst brengt met zich mee dat sommige films, muziekstukken en schilderijen in de levens- en wereldbeschouwing een belangrijke rol kunnen gaan spelen. Ze getuigen van een bijzonder aanvoelen van de wereld, ze inspireren levenswijzen, presenteren beelden en gestalten van het zelfverstaan, ze creëren een sublieme inbedding van onze levensloop, of ze brengen troost om het onbehagen aan te kunnen of zelfs te ontvluchten. Om zo'n rol te kunnen spelen moeten kunstwerken werkelijk iets met ons bestaan te maken hebben, zodat het de moeite loont zich ermee in te laten. In onze inspanning om bij bepaalde werken te verwijlen, ze te begrijpen en te interpreteren worden we soms ontgoocheld en ontmoedigd. Zeker de hedendaagse kunstproductie maakt het ons niet gemakkelijk en doet velen nostalgisch omzien naar eeuwenoude architectuur, literatuur, muziek en schilderkunst die duurzaam blijken te zijn. Beklijvende kunst voedt een beschouwelijkheid die we niet willen missen en zet aan

=648  \0$a21st Century (2001-2100)$1http://www.wikidata.org/entity/Q6939$920812
=650  \0$aAesthetics$1http://www.wikidata.org/entity/Q35986$921494
=650  \0$aConservation and restoration$1http://www.wikidata.org/entity/Q217102$922845
=651  \0$aBelgium$1http://www.wikidata.org/entity/Q31$920881
=942  \\$cBOO
=952  \\$00$10$2ddc$40$6PHI_DEVI_A$70$8PHI$917677$aORPH$bORPH$cKM12_3_2$d2021-08-03$g14.00$oPHI DEVI a$p20132942$r2021-01-12 00:00:00$w2021-01-12$yBOO
=999  \\$d17629

