=LDR  00655aam a2200181   4500
=001  17630
=005  20251001162313.0
=008  140911s2011\\\\\\\\\\\\\\\\\\\\\\0\dut
=020  \\$a9789461058911
=041  \\$adut$hfre
=100  \\$aSerres, Michel$d1930-2019$4aut$1http://www.wikidata.org/entity/Q364456$916516
=245  \\$aMuziek
=260  \\$aAmsterdam$bBoom$c2011
=300  \\$a196 pages
=650  \0$aMusic philosophy and aesthetics$1http://www.wikidata.org/entity/Q2092865$921165
=942  \\$cBOO
=952  \\$00$10$2ddc$40$6PHI_SERR_A$70$8PHI$917678$aORPH$bORPH$cKM12_3_2$d2021-08-18$g25.20$oPHI SERR a$p20133945$r2021-01-12 00:00:00$w2021-01-12$yBOO
=999  \\$d17630

