=LDR  01536aam a2200265   4500
=001  17631
=005  20250120120919.0
=008  150422s2008\\\\\\\ag\\\\\\\\\\\\\0\dut\d
=020  \\$a9789033468834
=041  \\$adut
=245  \\$aMuziekanalyse & uitvoeringspraktijk:$bBeethoven als bruggenbouwer
=260  \\$aLeuven$bAcco$c2008
=300  \\$a64 pages
=490  \\$aCahiers van het IvOK$v6
=520  \\$aMuziekanalyse en uitvoeringspraktijk hebben in de Vlaamse onderwijstraditie geen evidente relatie. In dit onderzoeksproject wordt hun verhouding nadrukkelijk in vraag gesteld. Er wordt gekeken op welke manier ze elkaar beïnvloeden en hoe de aandacht voor deze wederzijdse relatie in het hoger muziekonderwijs zou kunnen worden geïmplementeerd. Uitgangspunt bij dit alles is Beethovens Pianosonate op. 31 nr. 2, Sturm.
=600  \0$aBeethoven, Ludwig van$d1770-1827$1http://www.wikidata.org/entity/Q255$95335
=650  \0$aArtistic research$1http://www.wikidata.org/entity/Q20827087$921804
=650  \0$aMusical analysis$1http://www.wikidata.org/entity/Q1544924$92775
=650  \0$aPerformance$926223
=700  \\$4aut$aBergé, Pieter$915991
=700  \\$4aut$aD'hoe, Jeroen$916228
=942  \\$cBOO
=952  \\$00$10$2ddc$3CD$40$6BIO_BEET_E$70$8BIO$917679$aORPH$bORPH$cKTS1_P$d2022-06-24$oBIO BEET e$p20134448$r2021-01-12 00:00:00$w2021-01-12$yBOO
=952  \\$00$10$2ddc$3CD$40$6BIO_BEET_E_RESERVE$70$8BIO$921806$aORPH$bORPH$cKTS1_P$d2022-06-24$l0$oBIO BEET e (reserve)$p20131971$r2021-01-12 00:00:00$w2021-01-12$yBOO
=999  \\$d17631

