=LDR  00505aam a2200157   4500
=001  17633
=005  20250109133034.0
=008  180327s1927\\\\\\\\\\\\\\\\\\\\\\0\n
=041  \\$an
=100  \\$aVeth, Cornelis$4aut$919146
=245  \\$aMuziek en musici in de caricatuur
=260  \\$a'S-Gravenhage$bJ. Philip Kruseman$c1927
=300  \\$a222
=942  \\$cBOO
=952  \\$00$10$2ddc$40$6VIS_VETH$70$8VIS$917681$aORPH$bORPH$cKTS1_H$d2022-09-20$l0$oVIS VETH$p20131083$r2021-01-12 00:00:00$w2021-01-12$yBOO
=999  \\$c17633$d17633

