=LDR  01071aam a2200253   4500
=001  17637
=005  20251003085500.0
=008  180522s1989\\\\be\fa\\\\\\\\\\\\\0\eng
=020  \\$a2870094094
=041  \\$afre$ager$aeng
=245  \\$aMuziekinstrumenten in Belgische verzamelingen
=260  \\$aLiège$bPierre Mardaga$c1989
=300  \\$a214 pages
=648  \0$a17th Century (1601-1700)$1http://www.wikidata.org/entity/Q7016$920923
=648  \0$a18th Century (1701-1800)$1http://www.wikidata.org/entity/Q7015$920899
=648  \0$a19th Century (1801-1900)$1http://www.wikidata.org/entity/Q6955$920935
=648  \0$a20th Century (1901-2000)$1http://www.wikidata.org/entity/Q6927$920936
=650  \0$aCatalogue$1http://www.wikidata.org/entity/Q2352616$921484
=651  \0$aBelgium$1http://www.wikidata.org/entity/Q31$920881
=700  \\$4trl$aJames, Allen$919152
=700  \\$4trl$aKeyser, Ignace De$919153
=942  \\$cBOO
=952  \\$00$10$2ddc$40$6INS_1B_BE$70$8INS$917685$aORPH$bORPH$cKTS0$d2021-10-01$oINS1b BE$p20130489$r2021-01-12 00:00:00$w2021-01-12$yBOO
=999  \\$d17637

