=LDR  01214aam a2200241   4500
=001  17638
=008  190117s1944\\\\be\f\\\\\\\\\\\\\\0\dut
=041  \\$adut
=100  \\$aDenis, Valentin$4aut$919154
=245  \\$aDe muziekinstrumenten in de Nederlanden en in Italië$bnaar hun afbeelding in de 15de eeuwsche kunst$nI$pHun vorm en ontwikkeling
=260  \\$aLeuven$bLeuven Universiteitsbibliotheek$c1944
=300  \\$a352 pages
=490  \\$aUniversiteit te Leuven. Publicaties op het gebied der geschiedenis en der philologie. 3e reeks$v20
=648  \0$a15th Century (1401-1500)$1http://www.wikidata.org/entity/Q7018$921015
=650  \0$aOrganology$1http://www.wikidata.org/entity/Q899293$921400
=650  \0$aIconography$1http://www.wikidata.org/entity/Q208145$921259
=650  \0$aFine art$1http://www.wikidata.org/entity/Q219625$921579
=651  \0$aFlanders (Belgium)$1http://www.wikidata.org/entity/Q234$989
=651  \0$aNetherlands$1http://www.wikidata.org/entity/Q55$9173
=651  \0$aItaly$1http://www.wikidata.org/entity/Q38$922
=942  \\$cBOO
=952  \\$00$10$2ddc$40$6INS_1A_BE$70$8INS$917686$aORPH$bORPH$cKTS0$d2021-09-24$g40.00$oINS1a BE$p20130490$r2021-01-12 00:00:00$w2021-01-12$yBOO
=999  \\$d17638

