=LDR  01104aam a2200241   4500
=001  17639
=008  180522s1967\\\\be\\\\\\\\\\\\\\\\0\dut
=041  \\$adut
=100  \\$4aut$aBragard, Roger$918140
=100  \\$4aut$aHen, Ferd. J. De$919156
=245  \\$aDe muziekinstrumenten in kunst en geschiedenis
=260  \\$aSint-Genesius-Rode$bAlbert de Visscher$c1967
=300  \\$a271
=648  \0$aMiddle Ages (500-1400)$1http://www.wikidata.org/entity/Q12554$920964
=648  \0$a15th Century (1401-1500)$1http://www.wikidata.org/entity/Q7018$921015
=648  \0$a16th Century (1501-1600)$1http://www.wikidata.org/entity/Q7017$920944
=648  \0$a17th Century (1601-1700)$1http://www.wikidata.org/entity/Q7016$920923
=648  \0$a18th Century (1701-1800)$1http://www.wikidata.org/entity/Q7015$920899
=650  \0$aOrganology$1http://www.wikidata.org/entity/Q899293$921400
=650  \0$aIconography$1http://www.wikidata.org/entity/Q208145$921259
=942  \\$cBOO
=952  \\$00$10$2ddc$40$6INS_1A$70$8INS$917687$aORPH$bORPH$cKTS0$d2021-09-24$oINS1a$p20130178$r2021-01-12 00:00:00$w2021-01-12$yBOO
=999  \\$d17639

