=LDR  00596aam a2200157   4500
=001  17646
=005  20250109133034.0
=008  120716s2005\\\\\\\\\\\\\\\\\\\\\\0\dut
=100  \\$aGermanus, Sander$4aut$919162
=245  \\$aMuziekthermiek
=260  \\$aGhent$bOrpheusinstituut$c2005
=300  \\$a171 pages
=520  \\$aScriptie tot het behalen van de titel Laureaat van het Orpheus Instituut. Promotor: Luc Van Hove. 2005
=942  \\$cDIS
=952  \\$00$10$2ddc$40$6MTP_5_000000000000000_GERM$70$8MTP$917694$aORPH$bORPH$cKM12_1$d2021-08-31$oMTP5 GERM$p20134086$r2021-01-12 00:00:00$w2021-01-12$yDIS
=999  \\$d17646

