=LDR  00753aam a2200169   4500
=001  17650
=005  20250109133034.0
=008  130513s2009\\\\\\\\\\\\\\\\\\\\\\0\dut
=041  \\$adut
=100  \\$aSenden, Yves$4aut$919167
=245  \\$aMuzikale interpretatie vanuit het pragaticisme van Pierce
=260  \\$aAntwerpen$bUniversiteit Antwerpen$c2009
=300  \\$a437 pages
=520  \\$aProefschrift voorgelegd tot het behalen van de graad van Doctor in de Kunsten aan de Universiteit Antwerpen, in samenwerking met het Koninklijk Conservatorium, Artesis Hogeschool Antwerpen. 
=942  \\$cBOO
=952  \\$00$10$2ddc$40$6MTP_5_000000000000000_SEND$70$8MTP$917698$aORPH$bORPH$cKM12_1$d2021-08-31$oMTP5 SEND$p20131398$r2021-01-12 00:00:00$w2021-01-12$yDIS
=999  \\$d17650

