=LDR  01989aam a2200229   4500
=001  17656
=005  20250120120016.0
=008  120228s2002\\\\\\\\\\\\\\\\\\\\\\0\dut
=020  \\$a9789074328531
=041  \\$adut$hfre
=100  \\$aBarthes, Roland$d1915-1980$4aut$1http://www.wikidata.org/entity/Q179109$919171
=245  \\$aMythologieën
=260  \\$aAmsterdam$bIJzer$c2002
=300  \\$a262 pages
=520  \\$aIn de hier gebundelde teksten haakt de Franse filosoof Roland Barthes (1915-1980) in op actuele gebeurtenissen die zich afspelen op politiek, cultureel en artistiek gebied. Het materiaal voor deze overdenkingen is zeer gevarieerd: een krantenartikel, een foto in een weekblad, een reclameboodschap, een film, een toneelvoorstelling, een tentoonstelling.
Aan bod komen zaken als de witheid van Persil, de dieptewerking van Omo, het epische karakter van de Tour de France, de conditionerende werking van speelgoed en het gezicht van Garbo. Barthes zoekt en bekritiseert de ideologische verwarring, de poging om iets dat sterk cultuurgebonden is voor natuurlijk te laten doorgaan. Hij wil de ideologie ontmaskeren die schuilgaat achter de opgesmukte manier waarop al die vanzelfsprekendheid ons voorgeschoteld wordt. Een vanzelfsprekendheid die gedragen wordt door de mythe van de taal, de taal van de zogenaamde massacultuur.
Het woord 'mythe' heeft in deze teksten meerdere betekenissen die elkaar overlappen en niet uitsluiten: 'een symbolisch verhaal over het mens-zijn', maar ook: 'leugen', 'mystificatie'. Volgens Barthes gebruikt de burgerij de mythe om haar ideologie uit te dragen en op te leggen.


=534  \\$aOriginally published in 1957.
=700  \\$4trl$aJongenburger, Kees$921312
=765  \\$aMythologies
=942  \\$cBOO
=952  \\$00$10$2ddc$40$6PHI_BART_A$70$8PHI$917704$aORPH$bORPH$cKM12_3_2$d2021-08-11$g21.00$oPHI BART a$p20133582$r2021-01-12 00:00:00$w2021-01-12$yBOO
=999  \\$c17656$d17656
=650  \0$aPhilosophy$1http://www.wikidata.org/entity/Q5891$92357

