=LDR  02561aam a2200217   4500
=001  17659
=005  20250109133034.0
=008  181018s2013\\\\\\\\\\\\\\\\\\\\\\0\dut
=020  \\$a9789033493591
=041  \\$adut
=245  \\$aNaar de bron: informatie zoeken en gebruiken in de sociale en humane wetenschappen
=250  \\$a2e
=260  \\$aLeuven/Den Haag$bAcco$c2013
=300  \\$a272 pages
=520  \\$aIedereen kan zoeken, iedereen kan vinden. Online zoekmachines toveren in microseconden miljoenen resultaten tevoorschijn. Maar wie zoekt en vindt de juiste informatie? De relevante informatie? Of wetenschappelijke informatie? Dit boek gaat over het zoeken en verwerken van wetenschappelijke informatie in de eenentwintigste eeuw. Het wil op een toegankelijke wijze tonen hoe zoekmachines efficiënt ingezet kunnen worden om snel de juiste bronnen voor een literatuurstudie te vinden.

Het wil ook een kritische blik werpen in de wetenschappelijke publicatiecultuur, de uitgeversmonopolies en de tegenbeweging van Open Access. Het boek wil daarnaast ingaan op het schrijfproces van een wetenschapper. Hoewel schrijven een dagelijkse opdracht is voor wie met wetenschap bezig is, is het een verre van eenvoudige taak. Zonder de ambitie een grammatica- of stijlboek te schrijven, gaan we in op veelgemaakte fouten en bekijken we het groeiproces van een vlotte en toegankelijke tekst.

Tot slot kijkt dit boek ook naar de verwerking van literatuur. We gaan in op plagiaat en de soms subtiele vormen waarin dit soort bedrog zich manifesteert. Daarnaast wordt uitgebreid ingegaan op de verschillende wijzen waarop informatie in een wetenschappelijke tekst kan worden geïntegreerd (citeren, parafraseren en refereren).

Het boek biedt ook een overzicht van de belangrijkste richtlijnen van de APA-stijl (6de editie) en een introductie tot Endnote, een computerprogramma dat kan worden gebruikt om wetenschappelijke bronnen digitaal te archiveren en op basis daarvan een een coherente bibliografie samen te stellen.

Naar de bron is gericht op studenten en beginnende onderzoekers in de sociale en humane wetenschappen. Het biedt een ruim arsenaal aan instrumenten die inzicht geven in de herkomst, het gebruik en het verwoorden van informatie.
=700  \\$4aut$aMortelmans, Dimitri$917696
=700  \\$4aut$aSpooren, Pieter$919173
=700  \\$4aut$aChandesais, Olivier$919174
=942  \\$cBOO
=952  \\$00$10$2ddc$40$6REF_2_000000000000000_MORT$70$8REF$917707$aORPH$bORPH$cKM12_1$d2021-08-24$oREF2 MORT$p20131162$r2021-01-12 00:00:00$w2021-01-12$yBOO
=999  \\$d17659

