=LDR  02262aam a2200253   4500
=001  17674
=005  20250120120323.0
=008  200313s1999\\\\\\\g\\\\\\\\\\\\\\0\ger\d
=020  \\$a389564031X
=041  \\$ager
=100  \\$4aut$aSchröter, Axel$919181
=245  \\$a"Der Name Beethoven ist heilig in der Kunst":$bStudien zu Liszts Beethoven-Rezeption
=260  \\$aSinzig$bStudiopunkt$c1999
=300  \\$a2 vols. (434+164 pages)
=490  \\$aMusik und Musikanschauung im 19. Jahrhundert: Studien und Quellen$v6
=520  \\$aBeethoven nahm in Liszts Denken stets eine Sonderstellung ein. Als Pianist, Dirigent, Bearbeiter, Komponist, Lehrer und schließlich als Herausgeber Beethovenscher Kompositionen beschäftigte sich Liszt zeitlebens nicht nur mit einzelnen Werken, sondern mit dem gesamten Schaffen Beethovens. Aufschluß über Liszts Beethoven-Rezeption geben Presseberichte über Aufführungen, Aufzeichnungen aus Liszts Schülerkreis über die Erarbeitung Beethovenscher Werke im Unterricht, Memoiren der Schüler sowie nicht zuletzt Liszts Schriften und seine Beethoven-Transkriptionen. Axel Schröter hat dieses umfangreiche Material zusammengestellt und ausgewertet. Ein Großteil davon, besonders der französischen Quellen, wird hier erstmals wiedergegeben. Wie interpretierte Liszt Beethovens Kompositionen? Welche Bedeutung maß er Beethovens Schaffen allgemein bei? Indem er diesen Fragen nachspürt, zeichnet er ein facettenreiches Bild von Liszts Beethoven-Verständnis und von den Wandlungen, denen es unterworfen war.
=600  \0$aBeethoven, Ludwig van$d1770-1827$1http://www.wikidata.org/entity/Q255$95335
=600  \0$aLiszt, Franz$d1811-1886$1http://www.wikidata.org/entity/Q41309$917400
=648  \0$a19th Century (1801-1900)$1http://www.wikidata.org/entity/Q6955$920935
=650  \0$aMusic history$1http://www.wikidata.org/entity/Q846047$921373
=942  \\$cBOO
=952  \\$00$10$2ddc$3vol. 1$40$6BIO_BEET_E$70$8BIO$917722$aORPH$bORPH$cKTS1_P$d2020-03-04$g156.00$l1$m1$oBIO BEET e$p20145614$r2023-07-20 00:00:00$s2021-03-10$w2021-01-12$yBOO
=952  \\$00$10$2ddc$3vol. 2$40$6BIO_BEET_E$70$8BIO$917723$aORPH$bORPH$cKTS1_P$d2020-03-04$g156.00$l1$m1$oBIO BEET e$p20145615$r2023-07-20 00:00:00$s2021-03-10$w2021-01-12$yBOO
=999  \\$d17674

