=LDR  02813aam a2200289   4500
=001  17679
=005  20250121142132.0
=008  200928s2005\\\\\\\\\\\\\\\\\\\\\\0bger\d
=020  \\$a9783458172666
=041  \\$ager
=100  \\$4aut$aRieger, Eva$919182
=245  \\$aNannerl Mozart:$bLeben einer Künstlerin
=260  \\$aFrankfurt am Main$aLeipzig$bInsel$c2005
=300  \\$a384 pages
=520  \\$aDie Geschwister Mozart lebten in einer Zeit großer Umbrüche und Veränderungen. Während die Emanzipationsbewegungen des Bürgertums aufgeklärtes Gedankengut und neue Lebensentwürfe für den Mann eröffnen, wird die Frau kulturell »ausgebürgert«. Wolfgang befreit sich vom väterlichen Zwang und geht in Wien eigene Wege, die ihn auf die höchsten Höhen der musikalischen Welt führen, derweil seine Schwester Nannerl im Salzburger Elternhaus das Gesinde beaufsichtigt und Hausmusik pflegt. Als die Dreiunddreißigjährige einen Witwer heiratet, muß sie beweisen, daß sie eine »virgo intacta« ist: Der für Frauen geltende Tugendbegriff spricht ihr Sinnlichkeit und Lebendigkeit ab. Alle Eigenschaften, die zum künstlerischen Schaffen notwendig sind: Freiräume, Lebenserfahrung, öffentliche Anerkennung und berufliche Tätigkeit, sind ihr als Frau verwehrt; jedes Aufbegehren ist von vornherein ausgeschlossen. Während Nannerl auf eine eigene Lebensgestaltung verzichtet, nimmt Wolfgang den Kampf gegen die väterliche Autorität und gegen die Enge seiner bisherigen Existenz erfolgreich auf.
Die Musikgeschichtsschreibung hat diese so unterschiedlichen Lebenswege von Mann und Frau als naturgegeben hingenommen. Nannerls angebliche Opferhaltung wird gelobt, doch gilt sie auch als »kleinlich, selbstsüchtig, farblos, gekränkt, engherzig und verbittert«, als das »ewige gehorsame kleine Mädchen«.
=600  \0$aMozart, Maria Anna$d1751-1829$1http://www.wikidata.org/entity/Q157928$912885
=610  \0$aMozart family$1http://www.wikidata.org/entity/Q18574758$922340
=648  \0$a18th Century (1701-1800)$1http://www.wikidata.org/entity/Q7015$920899
=648  \0$a19th Century (1801-1900)$1http://www.wikidata.org/entity/Q6955$920935
=650  \0$aInstrumentalist$1http://www.wikidata.org/entity/Q1278335$921706
=650  \0$aFemale$1http://www.wikidata.org/entity/Q6581072$921764
=650  \0$aBiography$1http://www.wikidata.org/entity/Q36279$91927
=651  \0$aSalzburg (Austria)$1http://www.wikidata.org/entity/Q34713$921433
=942  \\$cBOO
=952  \\$00$10$2ddc$40$6BIO_MOZA3_D$70$8BIO$917727$aORPH$bORPH$cKTS1_P$d2021-10-19$g9.00$oBIO MOZA3 d$p20129077$r2021-01-12 00:00:00$w2021-01-12$yBOO
=952  \\$00$10$2ddc$40$6BIO_MOZA3_D$70$8BIO$923615$aORPH$bORPH$cKTS1_P$d2024-09-25$l1$oBIO MOZA3 d$p20143824$q2025-03-29$r2024-10-01 16:30:06$s2024-10-01$w2021-01-12$yBOO
=999  \\$d17679

