=LDR  00506aam a2200169   4500
=001  17682
=005  20251009081430.0
=008  121029s2002\\\\\\\\\\\\\\\\\\\\\\0\e
=020  \\$aVMM 2036
=041  \\$ae
=100  \\$4cmp$aNariyasu, Tanaka$919184
=245  \\$aNariyasu Tanaka: Chamber music Vol. II
=260  \\$aVienna$bVienna Modern Masters$c2002
=300  \\$a68:19$cCD
=942  \\$cREC
=952  \\$00$10$40$70$8REC$917730$aORPH$bORPH$cKM12_2_B$d2021-01-12$l0$r2021-01-12 00:00:00$w2021-01-12$yREC
=999  \\$c17682$d17682

