=LDR  03124aam a2200193   4500
=001  17684
=005  20230123104827.0
=008  120425s2000\\\\\\\\\\\\\\\\\\\\\\0\eng
=020  \\$a9780787943431
=041  \\$aeng
=245  \\$aNarrative Inquiry: Experience and Story in Qualitative Research
=260  \\$aSan Francisco$bJossey-Bass$c2000
=300  \\$a210 pages
=520  \\$a"The literature on narrative inquiry has been, until now, widely scattered and theoretically incomplete. Clandinin and Connelly have created a major tour de force. This book is lucid, fluid, beautifully argued, and rich in examples. Students will find a wealth of arguments to support their research, and teaching faculty will find everything they need to teach narrative inquiry theory and methods." (Yvonna S. Lincoln, professor, Department of Educational Administration, Texas A&M University)
"This book reveals the journey of two scholars who, for the past two decades, have explored the way narrative deepens our understanding of educational experience. Their encounters with seemingly intractable issues provide a model of intellectual courage. Narrative Inquiry invites us to take their journey with them. And it is a journey highly worth sharing." (Elliot W. Eisner, professor of education and art, Stanford University)

"An illuminating story of coming to narrative, and of how to proceed with narrative inquiry. This book about the study of experience demonstrates how narrative has emerged from the margins into the center of academic discourse." (Amia Lieblich, professor, Department of Psychology, The Hebrew University)

"Their exemplary use of the method in the writing of this text is masterful." (Journal of Curriculum Studies, 2002) --This text refers to an out of print or unavailable edition of this title. 


Review
?Their exemplary use of the method in the writing of this text is masterful.? --Journal of Curriculum Studies, 2002
?The literature on narrative inquiry has been, until now, widely scattered and theoretically incomplete. Clandinin and Connelly have created a major tour de force. This book is lucid, fluid, beautifully argued, and rich in examples. Students will find a wealth of arguments to support their research, and teaching faculty will find everything they need to teach narrative inquiry theory and methods.? --Yvonna S. Lincoln, professor, Department of Educational Administration, Texas A&M University

?This book reveals the journey of two scholars who, for the past two decades, have explored the way narrative deepens our understanding of educational experience. Their encounters with seemingly intractable issues provide a model of intellectual courage. Narrative Inquiry invites us to take their journey with them. And it is a journey highly worth sharing."--Elliot W. Eisner, professor of education and art, Stanford University 


=700  \\$4aut$aConnelly, Michael$919187
=700  \\$4aut$aClandinin, Jean$919186
=942  \\$cBOO
=952  \\$00$10$2ddc$40$6REF_2_000000000000000_CLAN$70$8REF$917732$aORPH$bORPH$cKM12_1$d2021-08-23$oREF2 CLAN$p20131220$r2021-01-12 00:00:00$w2021-01-12$yBOO
=999  \\$d17684

