=LDR  03938aam a2200241   4500
=001  17685
=005  20250120120207.0
=008  131210s2007\\\\\\\ao\\\\\\\\\\\\\0\eng\d
=020  \\$a9789077874776
=041  \\$aeng
=245  \\$aNotational Knowledge:$bDevelopmental and Historical Perspectives
=260  \\$aRotterdam$bSense Publishers$c2007
=300  \\$a279 pages
=520  \\$aPermanent external representations in the form of drawings, maps, musical scores, figures, graphs, writing, numerals, hallmarks and signatures are part of our daily landscape and permeate most social activities almost from the moment we are born. This book is about humans' appropriation, understanding and use of external representations. The authors, all established researchers, present first hand research in the domain of notational knowledge. They reflect on the peculiar features and representational mechanisms of notational systems based on cultural conventions such as musical notation, graphs, writing, numerals and mathematical notation as well as on unique notations that children create in new situations. There are two chapter clusters in the book. The first cluster considers these systems from a historical perspective. Authors focus on the characteristics of these systems in different cultures and at different times and analyze the ways in which notation systems evolve and transform our social interactions, our ideas about language and about other domains of knowledge. The second cluster of chapters takes a developmental perspective. In these chapters the authors focus on the individual appropriation of these systems and highlight the interest for studying permanent external representation as a domain of human development. In particular, authors explore the ways in which notation systems are acquired, the extent to which children are sensitive to their distinguishing constraints and to the particular contents they come to represent and question the future of notations. Both the historical and the developmental perspectives are crucial for understanding the relations between culture and cognition. We can learn about the human mind through analyzing the social processes of invention and transformations of cultural artifacts and also through the individual and social process of appropriation of the cultural artifacts already created. A common theme in the book is that permanent external representations are not just instruments for expressing given information or tools for communication, they are objects to think with. They not only keep record of existing knowledge but are themselves instrumental in the creation of new knowledge. There are conceptual, linguistic and esthetic distinctions that may be unattainable without notational means. The book will be useful for students of psychology, philosophy, linguistics and education and for every one interested in understanding ways in which knowledge is generated, recorded and scrutinized. Although there are other volumes on writing, literacy, and numeracy, and some chapters are available in other volumes on the history of writing, mathematics or musical notation, the present proposal is unique and timely for the range of notational systems it embraces, for including both an historical and a developmental perspective and for the number of theoretical frameworks it discusses.
=650  \0$aNotation$1http://www.wikidata.org/entity/Q233861$91964
=650  \0$aCultural history$1http://www.wikidata.org/entity/Q858517$922395
=650  \0$aLinguistics$1http://www.wikidata.org/entity/Q8162$93902
=700  1\$aTeubal, Eva$4edt$919189
=700  \\$aDockrell, Julie$1http://www.wikidata.org/entity/Q38640088$4edt$919188
=700  \\$aTolchinsky, Liliana$4edt$919190
=942  \\$cBOO
=952  \\$00$10$2ddc$40$6AES_TEUB$70$8AES$917733$aORPH$bORPH$cKM12_1$d2013-12-06$g42.22$l1$oAES TEUB$p20143856$r2024-10-08 16:16:32$s2021-03-12$w2021-01-12$yBOO$VAmazon
=999  \\$d17685

