=LDR  02587aam a2200229   4500
=001  17689
=005  20250120120339.0
=008  190313s2015\\\\\\\\\\\\\\\\\\\\\\0\eng
=020  \\$a9789462700437
=041  \\$aeng
=245  \\$aNatural Spectaculars:$bAspects of Plutarch's Philosophy of Nature
=260  \\$aLeuven$bLeuven University Press$c2015
=300  \\$a253 pages
=520  \\$aAs a philosopher and intellectual, Plutarch was very interested in the natural world around him, not only in terms of its elementary composition and physical processes but also with respect to its providential ordering and "wonders." His natural philosophical writings teach us much about his perception of physical reality and about his well-reflected attitude to the natural spectacle. He found his greatest inspiration in the ontological and epistemological framework of Plato's Timaeus, but many other philosophers and writers were also of seminal interest to his project. Clearly, the literary value of Plutarchs natural philosophical writings should not be underrated, nor should their rhetorical goals be discarded as futile.

Recently scholars have begun to reassess the ancient scientific value of Plutarchs natural philosophical writings. Natural Spectaculars aims to give further impetus to this project by treating several aspects of Plutarchs natural philosophy that have not been explored before.

Contributors: Paola Volpe Cacciatore (Università degli Studi di Salerno), Angelo Casanova (Università degli Studi di Firenze), Bram Demulder (KU Leuven), Ana Ferreira (Universidade do Porto), Israel Muñoz Gallarte (Universidad de Córdoba), Luisa Lesage Gárriga (Universidad de Málaga), Aurelio Pérez Jiménez (Universidad de Málaga), Lautaro Roig Lanzillotta (Rijksuniversiteit Groningen), Delfim Ferreira Leão (Universidade de Coimbra), Michiel Meeusen (KU Leuven), Jan Opsomer (KU Leuven), Aldo Setaioli (Università degli Studi di Perugia), Suzan Sierksma-Agteres (Rijksuniversiteit Groningen), Fabio Tanga (Università degli Studi di Salerno)
=600  \0$aPlutarchus$d46-after 119$1http://www.wikidata.org/entity/Q41523$95727
=648  \0$aClassical Antiquity (8th Century BC-6th Century AD)$1http://www.wikidata.org/entity/Q486761$921435
=650  \0$aPhilosophy$1http://www.wikidata.org/entity/Q5891$92357
=700  \\$4edt$aMeeusen, Michiel$919192
=700  \\$4edt$aVan der Stockt, Luc$919193
=942  \\$cBOO
=952  \\$00$10$2ddc$40$6PHI_PLUT_B_MEEU$70$8PHI$917737$aORPH$bORPH$cKM12_3_2$d2021-08-02$oPHI PLUT b MEEU$p20132857$r2021-01-12 00:00:00$w2021-01-12$yBOO
=999  \\$d17689

