=LDR  00656aam a2200169   4500
=001  17691
=005  20230123104828.0
=008  161205s1919\\\\\\\\\\\\\\\\\\\\\\0\d
=041  \\$ager
=100  \\$aMeyer, Hans$4aut$919195
=245  \\$aNatur und Kunst bei Aristoteles: Ableitung und Bestimmung der Ursächlichkeitsfaktoren
=260  \\$aPaderborn$bFerdinand Schöningh$c1919
=300  \\$a127
=490  \\$aStudien zur Geschichte und Kultur des Alterums$vX. Band, 2. Heft
=942  \\$cBOO
=952  \\$00$10$2ddc$40$6PHI_ARIS_B_MEYE$70$8PHI$917739$aORPH$bORPH$cKM12_3_2$d2021-08-06$g23.00$oPHI ARIS b MEYE$p20133225$r2021-01-12 00:00:00$w2021-01-12$yBOO
=999  \\$c17691$d17691

