=LDR  01675aam a2200193   4500
=001  17702
=005  20250120120020.0
=008  170602s2016\\\\\\\\\\\\\\\\\\\\\\0\eng
=020  \\$a9781107076266
=041  \\$aeng
=100  \\$aBarabási, Albert-László$4aut$919199
=245  \\$aNetwork Science
=260  \\$aCambridge$bCambridge University Press$c2016
=300  \\$a456 pages
=520  \\$aNetworks are everywhere, from the Internet, to social networks, and the genetic networks that determine our biological existence. Illustrated throughout in full colour, this pioneering textbook, spanning a wide range of topics from physics to computer science, engineering, economics and the social sciences, introduces network science to an interdisciplinary audience. From the origins of the six degrees of separation to explaining why networks are robust to random failures, the author explores how viruses like Ebola and H1N1 spread, and why it is that our friends have more friends than we do. Using numerous real-world examples, this innovatively designed text includes clear delineation between undergraduate and graduate level material. The mathematical formulas and derivations are included within Advanced Topics sections, enabling use at a range of levels. Extensive online resources, including films and software for network analysis, make this a multifaceted companion for anyone with an interest in network science.
=650  \0$aComputer science$1http://www.wikidata.org/entity/Q21198$92375
=942  \\$cBOO
=952  \\$00$10$2ddc$40$6SCI_BARA$70$8SCI$917750$aORPH$bORPH$cKM12_1$d2022-01-04$l1$m1$oSCI BARA$p20116720$r2024-12-17 15:05:42$s2021-03-12$w2021-01-12$yBOO
=999  \\$d17702

