=LDR  01283aam a2200229   4500
=001  17703
=005  20250120120522.0
=008  120712r20011946\\\\\\\\\\\\\\\\\\0\ger
=020  \\$a9783776622096
=041  \\$ager
=100  \\$4aut$aStein, Werner$919200
=245  \\$aDer neue Kulturfahrplan:$bdie wichtigste Daten der Weltgeschichte
=260  \\$aMunich$bHerbig$c2001
=300  \\$a2067 pages$eDVD
=520  \\$aDie aktualisierte Ausgabe dieses Standardwerks bietet die wichtigsten Daten und Ereignisse aus Politik, Wissenschaft, Technik, Kunst, Literatur, Musik, Religion und Philosophie von der Frühgeschichte bis heute in chronologischer abersicht. Der gesamte Inhalt wird durch ein umfassendes Personen- und Sachregister mit über 70.000 Stichwrtern erschlossen. Ein unverzichtbares Nachschlagewerk für Bildungshungrige, Vergessliche und Neugierige.
=534  \\$cOriginally published in 1946
=648  \0$aPast$1http://www.wikidata.org/entity/Q192630$922196
=650  \0$aChronology$1http://www.wikidata.org/entity/Q130788$922826
=650  \0$aCuckoo$1http://www.wikidata.org/entity/Q18845$922474
=942  \\$cBOO
=952  \\$00$10$2ddc$3DVD$40$6REF_1_000000000000000$70$8REF$917751$aORPH$bORPH$cKM12_1$d2021-08-31$oREF1$p20134070$r2021-01-12 00:00:00$w2021-01-12$yBOO
=999  \\$d17703

