=LDR  00726aam a2200181   4500
=001  17705
=005  20250128120921.0
=008  120510s1989\\\\\\\\\\\\\\\\\\\\\\0\ger
=020  \\$a3890070337
=245  \\$aNeues Handbuch der Musikwissenschaft: Die Musik des 15. und 16. Jahrhunderts
=260  \\$aLaaber$bLaaber-Verlag$c1989
=300  \\$a275 pages
=490  \\$aNeues handbuch der Musikwissenschaft$v3,1
=700  \\$4edt$aDahlhaus, Carl$d1928-1989$916277
=700  \\$4edt$aFinscher, Ludwig$d1930-2020$1http://www.wikidata.org/entity/Q88586$918734
=942  \\$cBOO
=952  \\$00$10$2ddc$40$6MTP_1_000000000000000_DAHL$70$8MTP$917753$aORPH$bORPH$cKM12_1$d2021-08-30$oMTP1 DAHL$p20130675$r2021-01-12 00:00:00$w2021-01-12$yBOO
=999  \\$d17705

