=LDR  00698aam a2200193   4500
=001  17706
=005  20250128120921.0
=008  130305s1989\\\\\\\\\\\\\\\\\\\\\\0\ger
=020  \\$a3799707522
=041  \\$ager
=245  \\$aNeues Handbuch der Musikwissenschaft: Die Musik des 15. und 16. Jahrhunderts
=260  \\$aLaaber$bLaaber-Verlag$c1989
=300  \\$a367 pages
=490  \\$aNeues handbuch der Musikwissenschaft$v10
=700  \\$4edt$aDahlhaus, Carl$d1928-1989$916277
=700  \\$aMotte-Haber, Helga de la$916944
=942  \\$cBOO
=952  \\$00$10$2ddc$40$6MTP_1_000000000000000_DAHL$70$8MTP$917754$aORPH$bORPH$cKM12_1$d2021-08-30$oMTP1 DAHL$p20134047$r2021-01-12 00:00:00$w2021-01-12$yBOO
=999  \\$d17706

