=LDR  01267aam a2200205   4500
=001  17707
=005  20250212090644.0
=008  120510s2008\\\\\\\\\\\\\\\\\\\\\\0\ger
=020  \\$a3799707468
=041  \\$ager
=245  \\$aNeues Handbuch der Musikwissenschaft: Die Musik des 17. Jahrhunderts
=260  \\$aLaaber$bLaaber-Verlag$c2008
=300  \\$a385 pages
=490  \\$aNeues handbuch der Musikwissenschaft$v4
=520  \\$aDie gesamte abendländische Musikgeschichte von der Antike bis in die Gegenwart  von den führenden Musikhistorikern unserer Zeit in 7 Bänden umfassend und gut lesbar dargestellt und das zu einem extrem günstigen Preis: So lässt sich die Einzigartigkeit der Geschichte der Musik prägnant beschreiben. Denn mit dieser Ausgabe werden so grundlegende Standardwerke wie Carl Dahlhaus' unübertroffener Band Die Musik des 19. Jahrhunderts genauso für jeden erschwinglich wie z.B. die von Ludwig Finscher herausgegebene Musik des 15. und 16. Jahrhunderts. 


=700  \\$4edt$aDahlhaus, Carl$d1928-1989$916277
=700  \\$4aut$aBraun, Werner$d1926-2012$99869
=942  \\$cBOO
=952  \\$00$10$2ddc$40$6MTP_1_000000000000000_DAHL$70$8MTP$917755$aORPH$bORPH$cKM12_1$d2021-08-30$oMTP1 DAHL$p20130676$r2021-01-12 00:00:00$w2021-01-12$yBOO
=999  \\$d17707

