=LDR  00622aam a2200169   4500
=001  17709
=005  20250128120921.0
=008  120510s1989\\\\\\\\\\\\\\\\\\\\\\0\ger
=020  \\$a9890070310
=100  \\$aDahlhaus, Carl$d1928-1989$4edt$916277
=245  \\$aNeues Handbuch der Musikwissenschaft: Die Musik des altertums
=260  \\$aLaaber$bLaaber-Verlag$c1989
=300  \\$a358 pages
=490  \\$aNeues handbuch der Musikwissenschaft$v1
=942  \\$cBOO
=952  \\$00$10$2ddc$40$6MTP_1_000000000000000_DAHL$70$8MTP$917757$aORPH$bORPH$cKM12_1$d2021-08-30$oMTP1 DAHL$p2013672$r2021-01-12 00:00:00$w2021-01-12$x2013672$yBOO
=999  \\$d17709

