=LDR  01155aam a2200193   4500
=001  17710
=005  20250128120921.0
=008  120510s1995\\\\\\\\\\\\\\\\\\\\\\0\ger
=020  \\$a3890070442
=041  \\$ager
=100  \\$aDahlhaus, Carl$d1928-1989$4edt$916277
=245  \\$aNeues Handbuch der Musikwissenschaft: Register
=260  \\$aLaaber$bLaaber-Verlag$c1995
=300  \\$a408 pages
=490  \\$aNeues handbuch der Musikwissenschaft$v13
=520  \\$aDie gesamte abendländische Musikgeschichte von der Antike bis in die Gegenwart  von den führenden Musikhistorikern unserer Zeit in 7 Bänden umfassend und gut lesbar dargestellt und das zu einem extrem günstigen Preis: So lässt sich die Einzigartigkeit der Geschichte der Musik prägnant beschreiben. Denn mit dieser Ausgabe werden so grundlegende Standardwerke wie Carl Dahlhaus' unübertroffener Band Die Musik des 19. Jahrhunderts genauso für jeden erschwinglich wie z.B. die von Ludwig Finscher herausgegebene Musik des 15. und 16. Jahrhunderts. 


=942  \\$cBOO
=952  \\$00$10$2ddc$40$70$8MTP$917758$aORPH$bORPH$cKM12_1$d2021-08-30$p20134045$r2021-01-12 00:00:00$w2021-01-12$yBOO
=999  \\$d17710

