=LDR  00646aam a2200181   4500
=001  17711
=005  20250128120921.0
=008  120510s1989\\\\\\\\\\\\\\\\\\\\\\0\ger
=020  \\$a3890070426
=041  \\$ager
=100  \\$4edt$aDahlhaus, Carl$d1928-1989$916277
=245  \\$aNeues Handbuch der Musikwissenschaft: Volks - und popularmusik in Europa
=260  \\$aLaaber$bLaaber-Verlag$c1989
=300  \\$a504 pages
=490  \\$aNeues handbuch der Musikwissenschaft$v12
=942  \\$cBOO
=952  \\$00$10$2ddc$40$6MTP_1_000000000000000_DAHL$70$8MTP$917759$aORPH$bORPH$cKM12_1$d2021-08-30$oMTP1 DAHL$p20134046$r2021-01-12 00:00:00$w2021-01-12$yBOO
=999  \\$d17711

