=LDR  01369aam a2200217   4500
=001  17712
=005  20250120120334.0
=008  180903r19661812\\\\\\\\\\\\\\\\\\0dger
=041  \\$ager
=100  \\$4aut$aGerber, Ernst Ludwig$d1746-1819$1http://www.wikidata.org/entity/Q68863$95535
=245  \\$aNeues historisch-biographisches Lexikon der Tonkünstler
=260  \\$aGraz$bAkademische Druck- und Verlagsanstalt$c1966
=520  \\$aHistorisch-biographisches Lexikon der Tonkünstler (1790-1792) und Neues historisch-biographisches Lexikon der Tonkünstler (1812-1814). Mit den in den Jahren 1792-1834 veröffentlichung Ergänzungen sowie der Erstveröffentlichung handschriftlicher Berichtigungen und Nachträge
=650  \0$aComposer$1http://www.wikidata.org/entity/Q36834$93625
=650  \0$aBiography$1http://www.wikidata.org/entity/Q36279$91927
=650  \0$aEncyclopedia$1http://www.wikidata.org/entity/Q5292$92184
=700  \\$4edt$aWessely, Othmar$d1922-1998$1http://www.wikidata.org/entity/Q2036959$917132
=942  \\$cBOO
=952  \\$00$10$2ddc$3Teil I: A-D$40$6GLASS_CUPBOARD$70$8REF$917760$aORPH$bORPH$cKM12_1$d2021-09-10$oGlass cupboard$p20112215$r2021-01-12 00:00:00$w2021-01-12$yBOO
=952  \\$00$10$2ddc$3Teil III: K-R$40$6GLASS_CUPBOARD$70$8REF$917761$aORPH$bORPH$cKM12_1$d2021-09-10$oGlass cupboard$p20112205$r2021-01-12 00:00:00$w2021-01-12$yBOO
=999  \\$d17712

