=LDR  00823aam a2200205   4500
=001  17716
=005  20250925143304.0
=008  130919s1928\\\\nl\af\\\\\\\\\\\\\0\ger\d
=041  \\$ager
=100  \\$aJohnen, Kurt$4aut$919204
=245  \\$aNeue Wege zur Energetik des Klavierspiels
=260  \\$aAmsterdam$bParis$c1928
=300  \\$a112 pages
=648  \0$a20th Century (1901-2000)$1http://www.wikidata.org/entity/Q6927$920936
=650  \0$aKeyboard instrument$1http://www.wikidata.org/entity/Q52954$92849
=650  \0$aMethod$1http://www.wikidata.org/entity/Q2250960$921402
=651  \0$aGermany$1http://www.wikidata.org/entity/Q183$9155
=942  \\$cBOO
=952  \\$00$10$2ddc$40$6INS_3_000000000000000_3C_JOHN$70$8INS$917764$aORPH$bORPH$cKTS0$d2022-01-05$oINS3.3c JOHN$p20126023$r2021-01-12 00:00:00$w2021-01-12$yBOO
=999  \\$d17716

