=LDR  02169aam a2200205   4500
=001  17717
=005  20250120120115.0
=008  120213s2001\\\\\\\\\\\\\\\\\\\\\\0\fre
=020  \\$a2940068151
=041  \\$afre$hger
=100  \\$aLigeti, György$d1923-2006$4aut$1http://www.wikidata.org/entity/Q154331$917536
=245  \\$aNeuf essais sur la musique
=260  \\$aGenève$bContrechamps$c2001
=300  \\$a216 pages
=520  \\$aCes Neuf essais sur la musique avaient été choisis par le compositeur parmi une grande quantité de textes liés à son activité créatrice, et ce en fonction de l’éventail de leurs préoccupations et de leur pertinence théorique ; ils couvrent une période allant de 1957 à 1991. Par l’originalité et la profondeur de leurs propos, ils représentent une contribution majeure à la réflexion sur la musique de notre temps. Ils abordent les différentes dimensions du phénomène musical et les différents aspects de la pensée compositionnelle, de la dissonance chez Mozart jusqu’aux problématiques de la musique électronique, de l’harmonie chez Webern ou de l’automatisme sériel chez Boulez jusqu’à une conception renouvelée de la forme, du langage et de la notation. À partir de ces différents sujets, Ligeti parvient à une synthèse, à un élargissement et à un dépassement des catégories de pensée élaborées durant les années 1950, avec un esprit ouvert et résolument non dogmatique, qui s’accompagne d’une rigueur extrême. Si les problématiques abordées ici ne se réfèrent pas directement aux œuvres de Ligeti, elles y renvoient pourtant constamment et en éclairent l’arrière-fond conceptuel. Conçu avant que soit entreprise une édition complète des écrits de Ligeti, ce volume est désormais le premier d'une série de trois regroupant l'intégralité de ses textes.
=700  \\$4trl$aFourcassié, Catherine$921179
=942  \\$cBOO
=952  \\$00$10$2ddc$40$6TRE_LIGE$70$8TRE$917765$aORPH$bORPH$cKTS1_H$d2022-03-16$l1$oTRE LIGE$p20134776$r2024-12-16 14:08:19$s2022-03-16$w2021-01-12$yBOO
=999  \\$c17717$d17717
=650  \0$aMusic criticism$1http://www.wikidata.org/entity/Q11748889$921598

