=LDR  01687aam a2200217   4500
=001  17718
=005  20250906121749.0
=008  170606s2017\\\\\\\\\\\\\\\\\\\\\\0\ger
=020  \\$a9783770560653
=041  \\$ager
=245  \\$aNeugier:$bmehr zeigen
=260  \\$aPaderborn$bFink$c2017
=300  \\$a235 pages
=520  \\$aIn diesem Buch geht es um Neugier als Triebfeder in Wissenschaft und Kunst. Neugier ist lustvoll. Die Wissenschaft trennt Leidenschaft und Vernunft. Neugier ist fragwürdig. Die Kunst verbindet Sinnlichkeit und Erkenntnis. Neugier ist unabdingbar. Sie sucht nicht nach der bestimmbaren Wissenslücke, sondern nach Unverfügbarem, Unerwartbarem. Der unbedingte Wille, etwas zu sehen, zu hören, zu wissen, eignet sowohl den Wissenschaften als auch den Künsten. Beider Geschichte ist bevölkert von Gestalten, die sich aus aller Konvention hinaus- und in Extreme hineinbegeben haben. Der Bruch mit dem Gewöhnlichen erweist sich als Bruch mit tradierten Ausdrucksformen. Das Buch erörtert daher auch die Möglichkeit des Zeigens als Alternative zum Behaupten. Mit Beiträgen von Wilhelm Berger, Elke Bippus, Bazon Brock, Florian Dombois, Adreis Echzehn, Pasquale Gagliardi, Julian Klein, Eva Meyer, Elfie Miklautz, Michaela Ott, Hans-Jörg Rheinberger, Andrea Roedig.
=650  \0$aPhilosophy$1http://www.wikidata.org/entity/Q5891$92357
=650  \0$aScience$1http://www.wikidata.org/entity/Q7991$921650
=700  \\$4edt$aMiklautz, Elfie$919205
=700  \\$4edt$aBerger, Wilhelm$919206
=942  \\$cBOO
=952  \\$00$10$2ddc$40$6PHI_MIKL_A$70$8PHI$917766$aORPH$bORPH$cKM12_3_2$d2021-08-04$g34.00$oPHI MIKL a$p20133003$r2021-01-12 00:00:00$w2021-01-12$yBOO
=999  \\$d17718

