=LDR  01565aam a2200229   4500
=001  17727
=008  120906s1994\\\\-usag\\\\\\\\\\\\\0\eng
=020  \\$a9780520033795
=041  \\$aeng
=100  \\$aRehfeldt, Phillip$4aut$919213
=245  \\$aNew Directions for Clarinet
=250  \\$aRevised edition
=260  \\$aUSA$bScarecrow Press$c1994
=300  \\$a200 pages
=336  \\$aprinted
=490  \\$aThe New Instrumentation$vNo. 4
=520  \\$aPhillip Rehfeldt has assembled here techniques of dealing with clarinet performances as they have evolved since 1950. He catalogs contemporary practices that differ from those formerly standardized, provides perspective on performance capabilities and limitations, and includes suggestions for performance based on his own experience.

The new edition has been completely rewritten, corrected where necessary, and updated. Rehfeldt has added the complete list of William O. Smith's clarinet compositions and recordings to the previous listing of his early multiphonic fingerings. The new edition also includes an appendix containing Eric Mandat's quarter-tone fingerings; a second, extensive music bibliography, the "International Update"; and an updated and annotated bibliography of music literature.
=650  \0$aClarinet$1http://www.wikidata.org/entity/Q8343$92937
=650  \0$aMethod$1http://www.wikidata.org/entity/Q2250960$921402
=942  \\$cBOO
=952  \\$00$10$2ddc$40$6INS_6_000000000000000_4C$70$8INS$917775$aORPH$bORPH$cKTS0$d2021-11-08$oINS6.4c$p20130175$r2021-01-12 00:00:00$w2021-01-12$yBOO
=999  \\$d17727

