=LDR  01302aam a2200193   4500
=001  17729
=005  20251001162313.0
=008  120628s2001\\\\\\\\\\\\\\\\\\\\\\0\eng
=020  \\$a9780199246618
=041  \\$aeng
=100  \\$aKivy, Peter$d1934-2017$4aut$1http://www.wikidata.org/entity/Q7175228$916145
=245  \\$aNew Essays on Musical Understanding
=260  \\$aOxford$bClarendon$c2001
=300  \\$a236 pages
=520  \\$aPeter Kivy presents a selection of his new and recent writings on the philosophy of music--an area to which he has been one of the most eminent contributors. In his distinctively elegant and informal style, Kivy explores such topics as musicology and its history, the nature of musical works, and the role of emotion in music, and does so in a way that will attract the interest of philosophical and musical readers alike. Most works are published here for the first time, each one unique and accessible, making this collection a delight both to followers of Kivy's work and to first-time readers.
=650  \0$aMusic philosophy and aesthetics$1http://www.wikidata.org/entity/Q2092865$921165
=942  \\$cBOO
=952  \\$00$10$2ddc$40$6AES_KIVY$70$8AES$917777$aORPH$bORPH$cKM12_1$d2022-03-31$g15.99$l1$oAES KIVY$p20131606$r2022-03-31 00:00:00$s2021-03-12$w2021-01-12$yBOO
=999  \\$d17729

