=LDR  02089aam a2200229   4500
=001  17730
=005  20250925143304.0
=008  131213s2012\\\\\\\\\\\\\\\\\\\\\\0\eng
=020  \\$a9780745648064
=100  \\$aJames, Ian$4aut$919215
=245  \\$aThe New French Philosophy
=250  \\$a2nd ed.
=260  \\$aCambridge$bPolity$c2012
=300  \\$a221 pages
=520  \\$aThis book gives a critical assessment of key developments in contemporary French philosophy, highlighting the diverse ways in which recent French thought has moved beyond the philosophical positions and arguments which have been widely associated with the terms 2poststructuralism2 and 2postmodernism2. These developments are assessed through a close comparative reading of the work of seven contemporary thinkers: JeanLuc Marion, JeanLuc Nancy, Bernard Stiegler, Catherine Malabou, Jacques Rancière, Alain Badiou and François Laruelle. The book situates the writing of each philosopher in relation to earlier traditions of French thought. In differing ways, these philosophers decisively distance themselves from the linguistic paradigm which dominated so much twentiethcentury thought in order to rethink philosophical conceptions of materiality, worldliness, shared embodied existence and human agency or subjectivity. They thereby open the way for a radical renewal of the claims, possibilities and transformative power of philosophical thinking itself. This book will be an indispensable text for students of philosophy and for anyone interested in current developments in philosophy and social thought.
=648  \0$a20th Century (1901-2000)$1http://www.wikidata.org/entity/Q6927$920936
=648  \0$a21st Century (2001-2100)$1http://www.wikidata.org/entity/Q6939$920812
=650  \0$aPhilosophy$1http://www.wikidata.org/entity/Q5891$92357
=651  \0$aFrance$1http://www.wikidata.org/entity/Q142$9131
=942  \\$cBOO
=952  \\$00$10$2ddc$40$6PHI_0_000000000000000_JAME$70$8PHI$917778$aORPH$bORPH$cKM12_3_2$d2021-08-18$g16.00$l1$oPHI0 JAME$p20130543$r2025-02-13 16:59:59$s2024-12-18$w2021-01-12$yBOO
=999  \\$d17730

