=LDR  02081aam a2200265   4500
=001  17760
=005  20250120120159.0
=008  120328s1994\\\\\\\\\\\\\\\\\\\\\\0\eng
=020  \\$a9780333515983
=041  \\$aeng
=245  \\$aThe New Grove Dictionary of Women Composers
=260  \\$aUSA$bMacmillan$c1994
=300  \\$a548 pages
=520  \\$aThe few in earlier times who gained some renown were as often as not the sisters, daughters, wives, or muses of well-known men?the surnames of Fanny Mendelssohn and Clara Schumann speak for themselves. Even with the present-day increase in their number, women composers have largely failed to draw the attention of the public.

In recognition of these nearly invisible yet greatly talented musicians, Julie Anne Sadie and Rhian Samuel have brought together an international corps of experts to produce The Norton/Grove Dictionary of Women Composers. This definitive source provides detailed biographies of more than 1,000 creators of Western classical music. In signed articles, the Dictionary chronicles the lives and works of women composers from all corners of the world. Here you can read about the Medieval mystic Hildgard von Bingen, the Renaissance madrigalist Maddalena Casulana, the flamboyant seventeenth-century vocal composer Barbara Strozzi, the prolific New Englander Amy Beach, and the Pulitzer Prize winner Ellen Taaffe Zwilich.
Show More 
Show Less 

=648  \0$aPast$1http://www.wikidata.org/entity/Q192630$922196
=650  \0$aEncyclopedia$1http://www.wikidata.org/entity/Q5292$92184
=650  \0$aComposer$1http://www.wikidata.org/entity/Q36834$93625
=650  \0$aFemale$1http://www.wikidata.org/entity/Q6581072$921764
=650  \0$aBiography$1http://www.wikidata.org/entity/Q36279$91927
=651  \0$aWorld$1http://www.wikidata.org/entity/Q2$922254
=700  \\$4edt$aSadie, Julie Anne$919217
=700  \\$4edt$aSamuel, Rhian$919218
=942  \\$cBOO
=952  \\$00$10$2ddc$40$6REF_1_000000000000000$70$8REF$917808$aORPH$bORPH$cKM12_1$d2021-08-30$oREF1$p20134062$r2021-01-12 00:00:00$w2021-01-12$yBOO
=999  \\$d17760

