=LDR  01209aam a2200181   4500
=001  17762
=005  20250109133035.0
=008  150421s1999\\\\\\\\\\\\\\\\\\\\\\0\e
=020  \\$a0691001804
=041  \\$aeng
=100  \\$aMazzotta, Giuseppe$4aut$919220
=245  \\$aThe new map of the world: The poetic philosophy of Giambattista Vico
=260  \\$aNew Jersey$bPrinceton Legacy Library$c1999
=300  \\$a267
=520  \\$aFor today's readers, the great Italian philosopher of history Giambattista Vico (1668-1744) can be startlingly relevant to the social and educational divisiveness we confront at century's end: here Giuseppe Mazzotta, one of the leading Italianists in the United States, shows how much Vico, properly read, can bring to an understanding of contemporary social problems. To explore Vico's body of thought in all its monumental complexity, Mazzotta highlights the place of poetry, or "writerliness," in Vico's educational project, which links literature, history, religion, philosophy, and politics.
=942  \\$cBOO
=952  \\$00$10$2ddc$40$6PHI_VICO_B_MAZZ$70$8PHI$917810$aORPH$bORPH$cKM12_3_2$d2021-08-06$g34.00$oPHI VICO b MAZZ$p20133196$r2021-01-12 00:00:00$w2021-01-12$yBOO
=999  \\$c17762$d17762

