=LDR  02203aam a2200241   4500
=001  17769
=005  20250925143304.0
=008  161025s2006\\\\\\\\\\\\\\\\\\\\\\0\eng
=020  \\$a9780520247550
=041  \\$aeng
=100  \\$aBeal, Amy C.$4aut$919228
=245  \\$aNew Music, New Allies:$bAmerican Experimental Music in West Germany from the Zero Hour to Reunification
=260  \\$aBerkeley, CA$bUniversity of California Press$c2006
=300  \\$a340 pages
=520  \\$aNew Music, New Allies documents how American experimental music and its practitioners came to prominence in the West German cultural landscape between the end of the Second World War in 1945 and the reunification of East and West Germany in 1990. Beginning with the reeducation programs implemented by American military officers during the postwar occupation of West Germany and continuing through the cultural policies of the Cold War era, this broad history chronicles German views on American music, American composers pursuit of professional opportunities abroad, and the unprecedented dissemination and support their music enjoyed through West German state-subsidized radio stations, new music festivals, and international exchange programs.

Framing the biographies of prominent American composer-performers within the aesthetic and ideological contexts of the second half of the twentieth century, Amy C. Beal follows the international careers of John Cage, Henry Cowell, Earle Brown, Morton Feldman, David Tudor, Frederic Rzewski, Christian Wolff, Steve Reich, Pauline Oliveros, Conlon Nancarrow, and many others to Donaueschingen, Darmstadt, Cologne, Bremen, Berlin, and Munich.
=648  \0$a20th Century (1901-2000)$1http://www.wikidata.org/entity/Q6927$920936
=650  \0$aAvant-garde$1http://www.wikidata.org/entity/Q102932$921178
=650  \0$aMusic history$1http://www.wikidata.org/entity/Q846047$921373
=651  \0$aGermany$1http://www.wikidata.org/entity/Q183$9155
=651  \0$aUSA$1http://www.wikidata.org/entity/Q30$943
=942  \\$cBOO
=952  \\$00$10$2ddc$40$6TOP_DE_7_000000000000000$70$8TOP$917817$aORPH$bORPH$cKTS0$d2022-04-26$g47.00$oTOP DE 7$p20116226$r2021-01-12 00:00:00$w2021-01-12$yBOO
=999  \\$d17769

