=LDR  02512aam a2200241   4500
=001  17770
=005  20250925143304.0
=008  170106s2008\\\\\\\o\\\\\\\\\\\\\\0\eng\d
=020  \\$a9780195099362
=041  \\$aeng
=245  \\$aThe New Music Theater:$bSeeing the Voice, Hearing the Body
=260  \\$aOxford$bOxford University Press$c2008
=300  \\$a408 pages
=520  \\$aAlternatives to grand opera and popular musical go back at least as far as Schoenberg's Pierrot Lunaire, early Stravinsky, and Kurt Weill as well as the Broadway and off-Broadway theater operas of the '30s and '40s, and the modernist experiments of the '60s. Yet this long and continuing history, with its complex ideas and philosophy as well as musical and theatrical achievements, has never been properly sorted out. This book is the first comprehensive attempt in English to cover a still-emerging art form in its widest range. It provides a wealth of examples and descriptions, not only of the works themselves, but of the concepts, ideas, and trends that have gone into the evolution of what may be the most central performance art form of the post-modern world. The first two sections of the book deal with Music in Music Theater (including the many new and various uses of the human voice) and Theater in Music Theater (including culture, text, visual strategies, and the multiple new concepts of space). The third section covers European and American music theaters in their various histories and manifestations, with chapters on the more innovative wing of popular music theater, extended voice, and the influence of new media. The fourth part of the book discusses criticism and analysis, improvisation, the issues surrounding pop and high art, and the crucial questions about the audience for music theater. An appendix includes a music-theater bibliography and information about some of the principal venues for the art form.
=648  \0$a20th Century (1901-2000)$1http://www.wikidata.org/entity/Q6927$920936
=648  \0$a21st Century (2001-2100)$1http://www.wikidata.org/entity/Q6939$920812
=650  \0$aMusic theater$1http://www.wikidata.org/entity/Q96394452$92065
=650  \0$aAvant-garde$1http://www.wikidata.org/entity/Q102932$921178
=700  \\$4aut$aSalzman, Eric$919229
=700  \\$4aut$aDesi, Thomas$919230
=942  \\$cBOO
=952  \\$00$10$2ddc$40$6GEN_17_000000000000000$70$8GEN$917818$aORPH$bORPH$cKM12_1$d2022-10-10$g48.00$l1$oGEN17$p20135030$r2023-01-26 00:00:00$s2023-01-17$w2021-01-12$yBOO
=999  \\$d17770

