=LDR  01203aam a2200277   4500
=001  17772
=005  20250120120531.0
=008  190910s1991\\\\\\\\\\\\\\\\\\\\\\0\eng
=020  \\$a9780193163034
=041  \\$aeng
=245  \\$aArs nova and the Renaissance 1300-1540
=250  \\$a8th ed.
=260  \\$aLondon$bOxford University Press$c1991
=300  \\$a565 pages
=490  \\$aThe New Oxford History of Music$vIII
=534  \\$aOriginally published in 1960
=648  \0$aMiddle Ages (500-1400)$1http://www.wikidata.org/entity/Q12554$920964
=648  \0$aRenaissance (1400-1600)$1http://www.wikidata.org/entity/Q4692$920965
=650  \0$aMusic history$1http://www.wikidata.org/entity/Q846047$921373
=650  \0$aArs nova$1http://www.wikidata.org/entity/Q210854$923087
=651  \0$aEurope$1http://www.wikidata.org/entity/Q46$991
=700  \\$4edt$aHughes, Dom Anselm$d1889-1974$1http://www.wikidata.org/entity/Q52156660$919232
=700  \\$4edt$aAbraham, Gerald$d1904-1988$1http://www.wikidata.org/entity/Q1641605$99019
=942  \\$cBOO
=952  \\$00$10$2ddc$40$6GHM_0_000000000000000$70$8GHM$917820$aORPH$bORPH$cKM12_1$d2021-11-25$oGHM0$p20134915$r2021-01-12 00:00:00$w2021-01-12$yBOO
=999  \\$d17772

