=LDR  00894aam a2200217   4500
=001  17773
=005  20250120115748.0
=008  170913s1954\\\\\\\\\\\\\\\\\\\\\\0\eng
=041  \\$aeng
=100  \\$4edt$aHughes, Dom Anselm$d1889-1974$1http://www.wikidata.org/entity/Q52156660$919232
=245  \\$aEarly Medieval Music up to 1300
=250  \\$a1st ed.
=260  \\$aLondon$aNew York$aToronto$bOxford University Press$c1954
=300  \\$a434 pages
=490  \\$aThe New Oxford History of Music$vVolume II
=648  \0$aMiddle Ages (500-1400)$1http://www.wikidata.org/entity/Q12554$920964
=650  \0$aMusic history$1http://www.wikidata.org/entity/Q846047$921373
=651  \0$aEurope$1http://www.wikidata.org/entity/Q46$991
=942  \\$cBOO
=952  \\$00$10$2ddc$40$6GHM_0_000000000000000$70$8GHM$917821$aORPH$bORPH$cKM12_1$d2021-11-25$oGHM0$p20134989$r2021-01-12 00:00:00$w2021-01-12$yBOO
=999  \\$d17773

