=LDR  01509aam a2200265   4500
=001  17777
=005  20250324102200.0
=008  130827s2006\\\\\\\\\\\\\\\\\\\\\\0\eng\d
=020  \\$a9780826491695
=041  \\$aeng
=100  \\$aDeLanda, Manuel$4aut$916776
=245  \\$aA New Philosophy of Society:$bAssemblages Theory and Social Complexity
=250  \\$aReprint
=260  \\$aLondon$aNew York, NY$bBloomsbury Academic$c2013
=300  \\$a142 pages
=520  \\$aManuel DeLanda is a distinguished writer, artist and philosopher. In his new book, he offers a fascinating look at how the contemporary world is characterized by an extraordinary social complexity. Since most social entities, from small communities to large nation-states, would disappear altogether if human minds ceased to exist, Delanda proposes a novel approach to social ontology that asserts the autonomy of social entities from the conceptions we have of them.
=534  \\$cContinuum, 2006
=648  \0$a21st Century (2001-2100)$1http://www.wikidata.org/entity/Q6939$920812
=650  \0$aPhilosophy$1http://www.wikidata.org/entity/Q5891$92357
=650  \0$aSocial science$1http://www.wikidata.org/entity/Q34749$93803
=650  \0$aAssemblage$927374
=650  \0$aComplexity$1http://www.wikidata.org/entity/Q723897$927480
=942  \\$cBOO
=952  \\$00$10$2ddc$40$6PHI_DELA_A$70$8PHI$917825$aORPH$bORPH$cKM12_3_2$d2013-08-25$g17.11$l1$m3$oPHI DELA a$p20132420$r2025-03-24 10:19:19$s2024-06-03$w2021-01-12$yBOO$Vamazon.co.uk
=999  \\$d17777

