=LDR  00930aam a2200229   4500
=001  17785
=008  141002s2012\\\\-usa\\\\\\\\\\\\\\0\eng
=020  \\$a9780972731362
=041  \\$aeng
=245  \\$aNice noise: Modificiations and Preparations for Guitar
=260  \\$aUnited Stated$bExperimental Musical Instruments$c2012
=300  \\$a72 pages
=336  \\$aprinted
=648  \0$a21st Century (2001-2100)$1http://www.wikidata.org/entity/Q6939$920812
=650  \0$aElectronic music$1http://www.wikidata.org/entity/Q9778$922014
=650  \0$aGuitar$1http://www.wikidata.org/entity/Q6607$921152
=650  \0$aMethod$1http://www.wikidata.org/entity/Q2250960$921402
=700  \\$4aut$aHopkin, Bart$919244
=700  \\$4aut$aLandman, Yuri$919245
=942  \\$cBOO
=952  \\$00$10$2ddc$40$6INS_5_000000000000000_2C_HOPK$70$8INS$917834$aORPH$bORPH$cKTS0$d2021-11-18$oINS5.2c HOPK$p20130994$r2021-01-12 00:00:00$w2021-01-12$yBOO
=999  \\$d17785

