=LDR  01332aam a2200241   4500
=001  17786
=005  20250120120523.0
=008  120215s2004\\\\\\\\\\\\\\\\\\\\\\0\fre
=020  \\$a9782841620876
=041  \\$afre
=100  \\$aVan Nevel, Paul$d1946-$4cnd$919246
=245  \\$aNicolas Gombert et l'aventure de la polyphonie franco-flamande
=260  \\$aParis$bKargo$c2004
=300  \\$a157 pages
=520  \\$aIntroduction à la musique polyphonique de la Renaissance autour de la vie de Nicolas Gombert (1500-1557). 250 compositeurs, presque tous flamands, développèrent cette tradition durant deux siècles, jusqu'à l'arrivée de la musique baroque. Le CD audio comporte deux titres interprétés par le Huelgas Ensemble dont Paul van Nevel est le directeur.Meer »

=600  \0$aGombert, Nicolas$dfl. 16th century$1http://www.wikidata.org/entity/Q549689$922842
=648  \0$a16th Century (1501-1600)$1http://www.wikidata.org/entity/Q7017$920944
=650  \0$aVocal music$1http://www.wikidata.org/entity/Q685884$93319
=651  \0$aFlanders (Belgium)$1http://www.wikidata.org/entity/Q234$989
=651  \0$aFrance$1http://www.wikidata.org/entity/Q142$9131
=942  \\$cBOO
=952  \\$00$10$2ddc$40$6BIO_GOMB_E$70$8BIO$917835$aORPH$bORPH$cKTS1_P$d2022-01-04$oBIO GOMB e$p20129921$r2021-01-12 00:00:00$w2021-01-12$yBOO
=999  \\$d17786

