=LDR  00798aam a2200181   4500
=001  17787
=005  20230123104836.0
=008  120221s1995\\\\\\\\\\\\\\\\\\\\\\0\e
=020  \\$a978-0859679596
=041  \\$aeng
=100  \\$aMartyn, Barrie$4aut$919247
=245  \\$aNicolas Medtner: His life and music
=260  \\$aCambridge$bScolar Pr$c1995
=300  \\$a500
=520  \\$aThis is the biography of Medtner, considering in turn each of his compositions. The author has drawn on Medtner's own correspondence and writings, and has collected the reminiscences of those who knew him personally to build a picture of the composer.


=942  \\$cBOO
=952  \\$00$10$2ddc$40$6BIO_MEDT_D$70$8BIO$917836$aORPH$bORPH$cKTS1_P$d2021-10-19$oBIO MEDT d$p20129782$r2021-01-12 00:00:00$w2021-01-12$yBOO
=999  \\$c17787$d17787

