=LDR  01382aam a2200193   4500
=001  17793
=005  20230123104838.0
=008  130820s1994\\\\\\\\\\\\\\\\\\\\\\0\e
=020  \\$a9780192854148
=041  \\$aeng
=100  \\$aTanner, Michael$4aut$919254
=245  \\$aNietzsche
=260  \\$aOxford$bOxford university press$c1994
=300  \\$a113
=520  \\$aWith his well-known idiosyncrasies and aphoristic style, Friedrich Nietzsche is always bracing and provocative, and temptingly easy to dip into. Michael Tanner's introduction to the philosopher's life and work examines the numerous ambiguities inherent in his writings and explodes many of the misconceptions that have grown in the hundred years since Nietzsche wrote "do not, above all, confound me with what I am not!"

About the Series: Combining authority with wit, accessibility, and style, Very Short Introductions offer an introduction to some of life's most interesting topics. Written by experts for the newcomer, they demonstrate the finest contemporary thinking about the central problems and issues in hundreds of key topics, from philosophy to Freud, quantum theory to Islam.
=490  \\$aVery short introductions$v34
=942  \\$cBOO
=952  \\$00$10$2ddc$40$6PHI_NIET_B_TANN$70$8PHI$917842$aORPH$bORPH$cKM12_3_2$d2021-08-10$g10.00$oPHI NIET b TANN$p20133493$r2021-01-12 00:00:00$w2021-01-12$yBOO
=999  \\$c17793$d17793

