=LDR  03384aam a2200217   4500
=001  17794
=005  20250716120526.0
=008  140116s2000\\\\\\\\\\\\\\\\\\\\\\0\eng\d
=020  \\$a9780804736985
=041  \\$aeng
=100  \\$aPorter, James I.$d1954-$4aut$1http://www.wikidata.org/entity/Q67364631$919255
=245  \\$aNietzsche and the Philology of the Future
=260  \\$aStanford$bStanford University$c2000
=300  \\$a449 pages
=520  \\$aDrawing on Nietzsche's prolific early notebooks and correspondence, this book challenges the polarized picture of Nietzsche as a philosopher who abandoned classical philology. It traces the contours of his earliest philological thinking and opens the way to a fresh view of his later thinking. The book's primary aim is to displace the developmental logic that has been a controlling factor in Nietzsche's reception, namely the assumption that Nietzsche passed from a precritical phase to an enlightened phase in which he liberated himself from metaphysics. A subsidiary aim is to decenter the view that fastens onto The Birth of Tragedy as a dramatic turning point in Nietzsche's thought.

For Nietzsche, questions about the religion, art, and history of the classical world are bound up with fundamental questions about knowledge, culture, history, and the status of the subject. From his early writings, Nietzsche finds it difficult to separate questions about modernity from those about antiquity. Nor are the problems of classical philology ever far from his mind, even toward the end of his career. By showing how frequently the "later" Nietzsche appears in the early writings, the author hopes to provoke reflection on the adequacy of current characterizations of Nietzsche, and not just to raise questions about the periodization of his life and thought.

The book traces Nietzsche's efforts, throughout his career, to determine the ways in which philosophy and philology are symptomatic of modern cultural habits, ideologies, and imaginings. In the form of a cultural anthropology, he may even have outlined the most trenchant model still available for confronting the ghostly specters that haunt Western society. Nietzsche's incessant preoccupation with the symptomatology of the modern subjectits ailments, its allusions, and the signs of its irrepressible presenceunifies his oeuvre more than any other single question.

The author argues that Nietzsche arrived at this inquiry from a philological perspective, according to which subjective identity is viewed as part of a historical process. Embodied in practices, habits, and institutions, these inheritances of cultureof which classical antiquity is a crucial partundergo the vicissitudes of transmission, decipherment, reconstruction, reception, and especially falsification (whether through unwilled or deliberate misunderstanding). All of these factors are intimately bound up with the ways in which subjects form themselves.
=600  \0$aNietzsche, Friedrich Wilhelm$d1844-1900$1http://www.wikidata.org/entity/Q9358$915868
=650  \0$aPhilosophy$1http://www.wikidata.org/entity/Q5891$92357
=650  \0$aLinguistics$1http://www.wikidata.org/entity/Q8162$93902
=942  \\$cBOO
=952  \\$00$10$2ddc$40$6PHI_NIET_B_PORT$70$8PHI$917843$aORPH$bORPH$cKM12_3_2$d2014-01-13$l1$oPHI NIET b PORT$p20139118$r2022-06-08 00:00:00$s2021-03-12$v37.10$w2014-01-13$yBOO
=999  \\$d17794

