=LDR  02402aam a2200229   4500
=001  17795
=005  20250120120206.0
=008  140226s2007\\\\\\\\\\\\\\\\\\\\\\0\fre\d
=020  \\$a9782296037182
=041  \\$afre
=100  \\$aKremer-Marietti, Angèle$4aut$1http://www.wikidata.org/entity/Q2849841$919256
=245  \\$aNietzsche et la rhétorique
=250  \\$a2nd ed.
=260  \\$aParis$bL'Harmattan$c2007
=300  \\$a269 pages
=520  \\$aA bien des égards, Nietzsche est le premier philosophe de la modernité à avoir réhabilité la rhétorique. La crise de la raison et de ses fondements s'accompagne d'une crise du sens, de l'univocité, comme si l'Histoire obligeait à penser la différence qui frappe les concepts et leur réalité. L'ouvrage d'Angèle Kremer-Marietti est le premier à nous offrir une vision systématique et extrêmement fouillée du rapport de Nietzsche à la rhétorique. Que ce soit au travers de la tragédie ou du dialogue avec les penseurs grecs en général, le langage et la dialectique vont apparaître comme des éléments essentiels du dépassement de la philologie dans le développement de Nietzsche. Ses premiers écrits - pour certains, encore inédits - sont analysés à la lumière de la rhétorique et du rôle central de la métaphore. La philosophie de Nietzsche émerge ainsi comme une vaste entreprise herméneutique, où se nouent le jeu et le symbole, le signe et l'image, transférant l'attention de la perception à la signification comme source de possibilité. Finalement, pour Nietzsche, tout langage et toute pensée sont rhétoriques par essence, comme toute cognition passe nécessairement par la dénomination. C'est dire combien le travail que nous livre ici A. Kremer-Marietti est actuel et original. Il fait ressortir Nietzsche non pas comme un simple précurseur, mais comme l'un des grands analystes du langage, une contribution que son développement ultérieur a pu parfois éclipser.
=600  \0$aNietzsche, Friedrich Wilhelm$d1844-1900$1http://www.wikidata.org/entity/Q9358$915868
=650  \0$aPhilosophy$1http://www.wikidata.org/entity/Q5891$92357
=650  \0$aRhetoric$1http://www.wikidata.org/entity/Q81009$93894
=942  \\$cBOO
=952  \\$00$10$2ddc$40$6PHI_NIET_B_KREM$70$8PHI$917844$aORPH$bORPH$cKM12_3_2$d2014-02-18$l1$oPHI NIET b KREM$p20139117$r2022-06-08 00:00:00$s2021-03-12$v21.95$w2014-02-18$yBOO
=999  \\$d17795

