=LDR  01272aam a2200205   4500
=001  17797
=005  20251009081721.0
=008  150312s2014\\\\\\\\\\\\\\\\\\\\\\0\e
=020  \\$a9780521585842
=041  \\$aeng
=100  \\$4edt$aBreazeale, Daniel$919258
=245  \\$aNietzsche: Untimely meditations
=260  \\$aCambridge$bCambridge University Press$c2014
=250  \\$a17
=300  \\$a276
=520  \\$aThe four early essays in Untimely Meditations are key documents for understanding the development of Nietzsche's thought and clearly anticipate many of his later writings. They deal with such broad topics as the relationship between popular and genuine culture, strategies for cultural reform, the task of philosophy, the nature of education, and the relationship among art, science and life. This new edition presents R. J. Hollingdale's translation of the essays and a new introduction by Daniel Breazeale, who places them in their historical context and discusses their significance for Nietzsche's philosophy.
=490  \\$aCambridge texts in the history of philosophy
=942  \\$cBOO
=952  \\$00$10$2ddc$40$6PHI_NIET_B_BREA$70$8PHI$917846$aORPH$bORPH$cKM12_3_2$d2021-08-10$g20.00$oPHI NIET b BREA$p20133497$r2021-01-12 00:00:00$w2021-01-12$yBOO
=999  \\$c17797$d17797

