=LDR  01958aam a2200217   4500
=001  17808
=005  20250120120245.0
=008  180118s1983\\\\\\\\\\\\\\\\\\\\\\0\eng
=020  \\$a083481529X
=041  \\$aeng
=100  \\$aKomparu, Kunio$4aut$919261
=245  \\$aThe Noh Theater:$bPrinciples and Perspectives
=260  \\$aNew York$aTokyo$aKyoto$bWheaterhill/Tankosha$c1983
=300  \\$a376 pages
=520  \\$aThe Noh theater of Japan is without question one of the most refined dramatic arts in the world. Originating in dance and music performed at sacred rituals and festivals, it was developed and brought to maturity in the 14th and 15th centuries by Kan'ami Kiyotsugu and his son, Zeami Motokiyo, two great dramatists who distilled the crude entertainments of the open fields into a predominately tragic drama of illusion played upon an empty stage. This volume, first published in 1983 and long out of print, is the first work in either English or Japanese to offer a comprehensive explanation and analysis of the principles of the Noh theater. The author was an active practitioner of the art, representing the 22nd generation in a direct line of Noh performers. His book painstakingly outlines both physical and intellectual aspects of Noh-its technical principles and its philosophical perspectives-on a scope hitherto unknown. An invaluable tool for the student of any aspect of drama, it offers as well deeper insights into Japanese history and culture.
=650  \0$aTheater history$1http://www.wikidata.org/entity/Q1061140$94607
=651  \0$aJapan$1http://www.wikidata.org/entity/Q17$921369
=942  \\$cBOO
=952  \\$00$10$2ddc$40$6TOP_JP_0_000000000000000$70$8TOP$917857$aORPH$bORPH$cKTS0$d2022-01-05$g122.00$oTOP JP 0$p20125992$r2021-01-12 00:00:00$w2021-01-12$yBOO
=952  \\$00$10$2ddc$40$6TOP_JP_0_000000000000000$70$8TOP$917858$aORPH$bORPH$cKTS0$d2022-01-05$g62.00$oTOP JP 0$p20125991$r2021-01-12 00:00:00$w2021-01-12$yBOO
=999  \\$d17808

