=LDR  01930aam a2200229   4500
=001  17809
=005  20250925143304.0
=008  120921s2007\\\\\\\\\\\\\\\\\\\\\\0\eng
=020  \\$a9780826417275
=041  \\$aeng
=100  \\$aHegarty, Paul$4aut$919262
=245  \\$aNoise/Music:$bA History
=260  \\$aNew York$bContinuum$c2007
=300  \\$a221 pages
=520  \\$a"Noise/Music" looks at the phenomenon of noise in music, from experimental music of the early 20th century to the Japanese noise music and glitch electronica of today. It situates different musics in their cultural and historical context, and analyses them in terms of cultural aesthetics. Paul Hegarty argues that noise is a judgement about sound, that what was noise can become acceptable as music, and that in many ways the idea of noise is similar to the idea of the avant-garde. While it provides an excellent historical overview, the book's main concern is in the noise music that has emerged since the mid 1970s, whether through industrial music, punk, free jazz, or the purer noise of someone like Merzbow. The book progresses seamlessly from discussions of John Cage, Erik Satie, and Pauline Oliveros through to bands like Throbbing Gristle and the Boredoms. Sharp and erudite, and underpinned throughout by the ideas of thinkers like Adorno and Deleuze, "Noise/Music" is the perfect primer for anyone interested in the louder side of experimental music.
=648  \0$a20th Century (1901-2000)$1http://www.wikidata.org/entity/Q6927$920936
=648  \0$a21st Century (2001-2100)$1http://www.wikidata.org/entity/Q6939$920812
=650  \0$aMusic history$1http://www.wikidata.org/entity/Q846047$921373
=650  \0$aAvant-garde$1http://www.wikidata.org/entity/Q102932$921178
=942  \\$cBOO
=952  \\$00$10$2ddc$40$6GHM_7_000000000000000$70$8GHM$917859$aORPH$bORPH$cKM12_1$d2021-10-19$g13.00$oGHM7$p20131530$r2021-01-12 00:00:00$w2021-01-12$yBOO
=999  \\$d17809

