=LDR  00591aam a2200169   4500
=001  17811
=005  20241202101132.0
=008  120712s1976\\\\\\\\\\\\\\\\\\\\\\0\f
=020  \\$a9782070292981
=041  \\$afre
=100  \\$aGhyka, Matila C.$4aut$919264
=245  \\$aLe Nombre d'or. Rites et rythmes pythagoriciens dans le développement de la civilisation occidentale.
=260  \\$aParis$bGallimard$c1976
=300  \\$a185
=942  \\$cBOO
=952  \\$00$10$2ddc$40$6VIS_GHYK$70$8VIS$917861$aORPH$bORPH$cKTS1_H$d2022-09-20$l0$oVIS GHYK$p20111353$r2021-01-12 00:00:00$w2021-01-12$yBOO
=999  \\$c17811$d17811

