=LDR  01048aam a2200229   4500
=001  17814
=005  20250925143304.0
=008  131126s1984\\\\\\\\\\\\\\\\\\\\\\0bdut\d
=041  \\$adut
=100  \\$4aut$aDeleu, Frank$919266
=245  \\$aNorbert Rosseau 1907-1975:$bbiografie, volledige opuslijst, herinneringen en documenten
=260  \\$aOudenaarde$bDienst voor Toerisme$c1984
=300  \\$a327 pages
=520  \\$a1907-1975. Biografie, volledige opuslijst, herinneringen en documenten.
=600  \0$aRosseau, Norbert$d1907-1975$1http://www.wikidata.org/entity/Q2055421$927391
=648  \0$a20th Century (1901-2000)$1http://www.wikidata.org/entity/Q6927$920936
=650  \0$aComposer$1http://www.wikidata.org/entity/Q36834$93625
=650  \0$aBiography$1http://www.wikidata.org/entity/Q36279$91927
=651  \0$aGhent (Belgium)$1http://www.wikidata.org/entity/Q1296$920924
=942  \\$cBOO
=952  \\$00$10$2ddc$40$6BIO_ROSS3_D$70$8BIO$917864$aORPH$bORPH$cKTS1_P$d2021-10-19$oBIO ROSS3 d$p20129865$r2021-01-12 00:00:00$w2021-01-12$yBOO
=999  \\$d17814

