=LDR  02407aam a2200217   4500
=001  17826
=005  20250120120133.0
=008  131210s2012\\\\\\\gh\\\\\\\\\\\\\0\ger\d
=020  \\$a9783761822364
=041  \\$ager
=100  \\$aSchmid, Manfred Hermann$d1947-$4aut$1http://www.wikidata.org/entity/Q1889480$913893
=245  \\$aNotationskunde:$bSchrift und komposition 900-1900
=260  \\$aKassel$bBärenreiter Studiebücher Musik$c2012
=300  \\$a298 pages
=520  \\$aMusical notation from past eras often seems as decorative as an exotic plant, but at the same time it is also very enigmatic. Those who learn to understand it, however, can not only make their own transcriptions and make music from them, but also gain an insight into the entire musical thinking of an era.
In Manfred Hermann Schmid's new, practical study of notation, both aspects go hand in hand: the explanation of the writing and its relationship to the composition of the respective period. The author presents the ‘classical field’ of notation, the theory of rhythm from 1200 to 1600 (Notre Dame, Ars nova, white mensural notation), in a compact manner and focussed on the essential lines. In addition, he gives a step-by-step introduction to the theory of ancient music and the medieval scripts up to the neumatic notation of Gregorian chant. He also explains score arrangements from Monteverdi to Wagner and various tablatures and reflects on the limits of writing.
With its broad horizon, this fluently written book takes the reader on a journey of discovery. As if in passing, you learn why the highest notes on a piano are on the right and the semitones on a harp are marked in yellow and red, that Gregorian chant was probably sung much more ‘oriental’ than modern writing can reproduce, and how notation influenced composition in general. A sideways glance at ethnomusicology also brings astonishing insights. (Translated with DeepL.com)
=650  \0$aMusic history$1http://www.wikidata.org/entity/Q846047$921373
=650  \0$aComposing$1http://www.wikidata.org/entity/Q92186587$1https://www.wikidata.org/wiki/Q11895763$93076
=650  \0$aNotation$1http://www.wikidata.org/entity/Q233861$91964
=942  \\$cBOO
=952  \\$00$10$2ddc$40$6MTP_1_000000000000000_SCHM$70$8MTP$917876$aORPH$bORPH$cKM12_1$d2013-11-29$g28.19$l1$oMTP1 SCHM$p20143871$r2024-10-08 16:16:59$s2021-03-12$w2021-01-12$yBOO$Vamazon.fr
=999  \\$d17826

