=LDR  01793aam a2200265   4500
=001  17830
=005  20250120120239.0
=008  120222s1992\\\\\\\\\\\\\\\\\\\\\\0\eng
=020  \\$a9780231069120
=041  \\$aeng$hger
=100  \\$aAdorno, Theodor W.$d1903-1969$4aut$1http://www.wikidata.org/entity/Q152388$915795
=245  \\$aNotes to Literature: Volume One
=260  \\$aNew York$bColumbia University Press$c1992
=300  \\$a350 pages
=490  \\$aEuropean Perspectives: A Series in Social Philosophy and Cultural Criticism
=520  \\$aThese 17 essays by an important European critic of the Frankfurt school deal with a broad range of topics: the essay form, the epic, the narrator in the contemporary novel, lyric poetry and society, surrealism, Beckett's Endgame , and various European authors (Balzac, Goethe, Proust, Valery, Bloch, Heine, etc.). The essays are generally pitched at a rather high level of abstraction and with a Marxist philosophical slant: the response of literature and individual artists to alienation in an industrial/capitalist society is a recurring concern. Though this is primarily a book for specialists and academic libraries, Adorno's thought and highly suggestive remarks are well worth the effort.
- Richard Kuczkowski, Dominican Coll., Blauvelt, N.Y.

=534  \\$aOriginally published in 1958
=700  \\$4edt$aTiedemann, Rolf$921120
=700  \\$4trl$aWeber Nicholsen, Shierry$921121
=765  \\$aNoten zur Literatur
=942  \\$cBOO
=952  \\$00$10$2ddc$40$6PHI_ADOR_A$70$8PHI$917880$aORPH$bORPH$cKM12_3_2$d2021-08-03$g43.00$oPHI ADOR a$p20135720$r2021-01-12 00:00:00$w2021-01-12$yBOO
=999  \\$c17830$d17830
=650  \0$aPhilosophy$1http://www.wikidata.org/entity/Q5891$92357
=650  \0$aLiterature$1http://www.wikidata.org/entity/Q8242$94439

