=LDR  01238aam a2200241   4500
=001  17831
=005  20250120120310.0
=008  160710s1861\\\\\\\\\\\\\\\\\\\\\\0\fre\d
=100  \\$aFétis, François-Joseph$d1784-1871$1http://www.wikidata.org/entity/Q523581$4aut$95045
=245  \\$aNote sur la découverte récente des plus anciens monuments de la typographie musicale, et, par occasion, sur les compositeurs Belges du XVme siècle
=260  \\$aBrussels$bHayez$c1861
=300  \\$a16 pages
=561  \\$aEx libris Collection Hector Colard (Plate)
=563  \\$apamphlet stitch binding
=590  \\$aExtrait des Bulletins de l'Académie royale de Belgique, 2me série, tome XI, no.2
=648  \0$a19th Century (1801-1900)$1http://www.wikidata.org/entity/Q6955$920935
=648  \0$a15th Century (1401-1500)$1http://www.wikidata.org/entity/Q7018$921015
=650  \0$aGraphic design (Typography)$91931
=650  \0$aMusic history$1http://www.wikidata.org/entity/Q846047$921373
=651  \0$aBelgium$1http://www.wikidata.org/entity/Q31$920881
=942  \\$cBOO
=952  \\$00$10$2ddc$40$6KTS_1_000000000000000_H_06_039$70$8RAR$917881$aORPH$bORPH$cKTS1_H$d2021-01-12$l0$oKTS1 H.06.039$p20143592$r2021-01-12 00:00:00$w2021-01-12$yBOO
=999  \\$d17831

