=LDR  02131aam a2200181   4500
=001  17832
=005  20250109133036.0
=008  120907s2010\\\\\\\\\\\\\\\\\\\\\\0\e
=020  \\$a9780691140643
=041  \\$aeng
=100  \\$aNussbaum, Martha C.$4aut$919296
=245  \\$aNot for profit: Why democracy needs the humanities
=260  \\$aPrinceton$bPrinceton university press$c2010
=300  \\$a158
=520  \\$aIn this short and powerful book, celebrated philosopher Martha Nussbaum makes a passionate case for the importance of the liberal arts at all levels of education.

Historically, the humanities have been central to education because they have rightly been seen as essential for creating competent democratic citizens. But recently, Nussbaum argues, thinking about the aims of education has gone disturbingly awry both in the United States and abroad. Anxiously focused on national economic growth, we increasingly treat education as though its primary goal were to teach students to be economically productive rather than to think critically and become knowledgeable and empathetic citizens. This shortsighted focus on profitable skills has eroded our ability to criticize authority, reduced our sympathy with the marginalized and different, and damaged our competence to deal with complex global problems. And the loss of these basic capacities jeopardizes the health of democracies and the hope of a decent world.

In response to this dire situation, Nussbaum argues that we must resist efforts to reduce education to a tool of the gross national product. Rather, we must work to reconnect education to the humanities in order to give students the capacity to be true democratic citizens of their countries and the world.

Drawing on the stories of troubling--and hopeful--educational developments from around the world, Nussbaum offers a manifesto that should be a rallying cry for anyone who cares about the deepest purposes of education.
=942  \\$cBOO
=952  \\$00$10$2ddc$40$6PHI_NUSS_A$70$8PHI$917882$aORPH$bORPH$cKM12_3_2$d2021-08-17$g11.00$oPHI NUSS a$p20133850$r2021-01-12 00:00:00$w2021-01-12$yBOO
=999  \\$c17832$d17832

