=LDR  01791aam a2200253   4500
=001  17839
=005  20250120120620.0
=008  161206s1895\\\\\\\\\\\\\\\\\\\\\\0dfre\d
=041  \\$afre
=100  1\$aHarrison, Frederic$d1831-1923$4edt$4aut$927587
=245  \\$aLe nouveau calendrier des grands hommes$n2 vols.
=260  \\$aParis$bLeroux$c1895
=300  \\$a2. vols. (501+540 pages)
=520  \\$aThe first object of Comte was to give a concrete picture of human evolution: and, so far as is known, it is the only attempt of the kind. But it is not a class-list of rival candidates for fame. It is in no sense exclusive; it is provisional; and it is in every sense relative - framed with a view, not to personal merit, but to historical results. It must be understood that this Calendar, framed as it was in the first half of the nineteenth century, is a historical summary of the progress of civilisation down only to that date.
=600  10$aComte, Auguste$d1798-1857$927588
=648  \0$a19th Century (1801-1900)$1http://www.wikidata.org/entity/Q6955$920935
=650  \0$aHistory$1http://www.wikidata.org/entity/Q309$921403
=650  \0$aSociology$1http://www.wikidata.org/entity/Q21201$924938
=700  \\$aAvezac-Lavigne, Charles$4trl$919304
=765  \\$aThe New Calendar of Great Men: Biographies of the 558 Worthies of All Ages and Nations in the Positivist Calendar of Auguste Comte
=942  \\$cBOO
=952  \\$00$10$2ddc$3Tome premier$40$6KTS_1_000000000000000_H_09_013_01$70$8RAR$917889$aORPH$bORPH$cKTS1_H$l0$oKTS1 H.09.013_01$p20131123$r2021-01-12 00:00:00$w2021-01-12$yBOO
=952  \\$00$10$2ddc$3Tome second$40$6KTS_1_000000000000000_H_09_013_02$70$8RAR$923550$aORPH$bORPH$cKTS1_H$d2024-08-28$l0$oKTS1 H.09.013_02$p20143764$r2024-08-28 00:00:00$w2021-01-12$yBOO
=999  \\$d17839

