=LDR  02166aam a2200241   4500
=001  17850
=005  20250109133036.0
=008  200619s2013\\\\\\\\\\\\\\\\\\\\\\0\ita
=020  \\$a9788897601050
=245  \\$aNuova musica: le settimane internazionali di Palermo (1960-1968).$bAtti del Convegno, Capo d'Orlando 22 agosto 2012
=260  \\$aGioiosa Marea$bPungitopo$c2013
=300  \\$a86 pages
=520  \\$aLe "Settimane Internazionali di Nuova Musica" di Palermo (1960-1968) fanno ormai parte della memoria storica di una città che, per circa un decennio, è balzata alla ribalta delle cronache culturali nazionali e internazionali grazie ad iniziative innovative realizzate in un momento di particolare fervore sperimentale che attraversava i più diversi settori della cultura mondiale contemporanea, perciò non concernente soltanto la musica. Gli ispiratori della stagione della Nuova Musica, Antonino Titone, Francesco Agnello e Paolo Emilio Carapezza, già sul finire degli anni Cinquanta erano impegnati nell'individuazione di una nuova direzione che avrebbe portato alla realizzazione delle "Settimane", in una Palermo che, già dagli anni del secondo dopoguerra, emergeva in seno al panorama culturale isolano e italiano come città tradizionalmente aperta e attenta al nuovo, dove si svolgevano importanti manifestazioni culturali e si organizzavano eccezionali stagioni musicali che includevano in programma opere ed esecuzioni di compositori contemporanei come Casella e Schönberg, Petrassi e Maderna. Nelle intenzioni di Titone le "Settimane Internazionali di Nuova Musica" dovevano essere una risposta italiana a Darmstadt, punto di riferimento anche di Bruno Maderna, Luigi Nono e Luciano Berio.
=700  \\$4aut$aRomeo, C.$919313
=700  \\$4aut$aCarapezza, P. E.$919314
=700  \\$4aut$aTitone, A.$919315
=700  \\$4aut$aViolante, P.$919316
=700  \\$4aut$aRomeo, D.$919317
=700  \\$4aut$aModestini, M.$919319
=700  \\$4aut$aDamiani, G.$919318
=942  \\$cBOO
=952  \\$00$10$2ddc$40$6GHM_7_000000000000000$70$8GHM$917900$aORPH$bORPH$cKM12_1$d2021-08-30$g10.00$oGHM7$p20134311$r2021-01-12 00:00:00$w2021-01-12$yBOO
=999  \\$d17850

