=LDR  00922aam a2200181   4500
=001  17856
=005  20250120120102.0
=008  120411s1960\\\\\\\\\\\\\\\\\\\\\\0\e
=020  \\$a9780520074041
=041  \\$aeng
=100  \\$aKant, Immanuel$d1724-1804$4aut$1http://www.wikidata.org/entity/Q9312$917146
=245  \\$aObservations on the Feeling of the Beautiful and Sublime
=260  \\$aBerkeley$bUniversity of California Press$c1960
=300  \\$a124
=520  \\$aWhen originally published in 1960, this was the first complete English translation since 1799 of Kant's early work on aesthetics. More literary than philosophical, Observations shows Kant as a man of feeling rather than the dry thinker he often seemed to readers of the three Critiques.
=942  \\$cBOO
=952  \\$00$10$2ddc$40$6PHI_KANT_A$70$8PHI$917906$aORPH$bORPH$cKM12_3_2$d2021-08-02$oPHI KANT a$p20132801$r2021-01-12 00:00:00$w2021-01-12$yBOO
=999  \\$c17856$d17856

