=LDR  00518aam a2200169   4500
=001  17857
=005  20230203085921.0
=008  110829s1979\\\\\\\\\\\\\\\\\\\\\\0\dut
=020  \\$a9060091132
=100  \\$aKruijer, G. J.$4aut$919329
=245  \\$aObserveren en redeneren
=250  \\$a7
=260  \\$aMeppel$bBoom$c1979
=300  \\$a156 pages
=942  \\$cBOO
=952  \\$00$10$2ddc$40$6REF_3_000000000000000_KRUI$70$8REF$917907$aORPH$bORPH$cKM12_1$d2021-08-24$oREF3 KRUI$p20131128$r2021-01-12 00:00:00$w2021-01-12$yBOO
=999  \\$d17857

