=LDR  01805aam a2200277   4500
=001  17863
=005  20250925143304.0
=008  170703s1950\\\\\\\\\\\\\\\\\\\\\\0\fre
=041  \\$afre
=100  \\$aLinden, Albert Vander$d1913-1977$1http://www.wikidata.org/entity/Q55626612$4aut$918631
=245  \\$aOctave Maus et la vie musicale belge (1875-1914)
=260  \\$aBrussels$bAcadémie royale de Belgique$c1950
=300  \\$a155 pages
=490  \\$aAcadémie royale de Belgique : classe des beaux-arts : mémoires$vCollection in-80 - Tome VI: Fascicule 2
=500  \\$aMaus was a Belgian lawyer, writer and art- & music critic. He was an early Wagnerian. He was taught music by his cousin, the painter Anna Boch, and later by Louis Brassin. He was one of the first pilgrims to Bayreuth, and a member of the Bayreuth patronage and the Brussels Wagnerverein. 
=500  \\$aAuthor Van der Linden was a Belgian musicologist, librarian and jurist.
=600  \0$aMaus, Octave$d1856-1919$1http://www.wikidata.org/entity/Q2059549$918539
=648  \0$a19th Century (1801-1900)$1http://www.wikidata.org/entity/Q6955$920935
=648  \0$a20th Century (1901-2000)$1http://www.wikidata.org/entity/Q6927$920936
=650  \0$aBiography$1http://www.wikidata.org/entity/Q36279$91927
=651  \0$aBrussels (Belgium)$1http://www.wikidata.org/entity/Q239$937
=942  \\$cBOO
=952  \\$00$10$40$6BIO_MAUS_D$70$8BIO$917912$aORPH$bORPH$cKTS1_P$l0$oBIO MAUS d$p20114602$r2021-01-12 00:00:00$w2021-01-12$yBOO
=952  \\$00$10$40$6BIO_MAUS_D$70$8BIO$917913$aORPH$bORPH$cKTS1_P$l0$oBIO MAUS d$p20116823$r2021-01-12 00:00:00$w2021-01-12$yBOO
=952  \\$00$10$2ddc$40$6KTS_1_000000000000000_H_04_004$70$8RAR$923335$aORPH$bORPH$cKTS1_H$d2024-05-02$l0$oKTS1 H.04.004$p20146598$r2024-05-02 00:00:00$w2024-05-02$yBOO
=999  \\$d17863

