=LDR  00642aam a2200181   4500
=001  17869
=005  20230123104847.0
=008  190920s1995\\\\\\\\\\\\\\\\\\\\\\0\f
=020  \\$a9782890077324
=041  \\$af
=100  \\$aChartier, Yves$4aut$919338
=245  \\$aL'Oeuvre musicale d'Hucbald de Saint-Amand: les compositions et le traité de musique
=260  \\$aQuébec$bBellarmin$c1995
=300  \\$a505
=490  \\$aCahiers d'études médiévales$vCahier spécial n°5
=942  \\$cBOO
=952  \\$00$10$2ddc$40$6BIO_HUCB_E$70$8BIO$917919$aORPH$bORPH$cKTS1_P$d2021-10-19$oBIO HUCB e$p20130625$r2021-01-12 00:00:00$w2021-01-12$yBOO
=999  \\$c17869$d17869

