=LDR  01223aam a2200181   4500
=001  17870
=005  20250120120116.0
=008  120222s1965\\\\\\\\\\\\\\\\\\\\\\0\f
=020  \\$a9782020053273
=041  \\$afre
=100  \\$aEco, Umberto$d1932-2016$4aut$1http://www.wikidata.org/entity/Q12807$917577
=245  \\$aL'oeuvre ouverte
=260  \\$aParis$bSeuil$c1965
=300  \\$a315
=520  \\$aDepuis le début du siècle sont apparues des ?uvres qui s'offrent à une pluralité d'organisations: compositions musicales dont les parties sont à enchaîner selon le choix de l'interprète, sculptures mobiles, tableaux informels, jeux sémantiques dont Finnegans Wake a fourni le modèle. Ce nouveau type d'?uvres, U. Eco le décrit, et l'enracine en le confrontant à l'ensemble de la culture contemporaine, aux sciences qui accordent une importance toujours plus grande au hasard. Il le fonde aussi, en se demandant à partir de la théorie de l'information jusqu'à quel point une ?uvre peut s'ouvrir sans cesser d'être communication.Meer »

=942  \\$cBOO
=952  \\$00$10$2ddc$40$6PHI_EGO_A$70$8PHI$917920$aORPH$bORPH$cKM12_3_2$d2021-08-05$g295.00$oPHI EGO a$p20133103$r2021-01-12 00:00:00$w2021-01-12$yBOO
=999  \\$c17870$d17870

