=LDR  06554aam a2200625   4500
=001  17871
=005  20251001162313.0
=008  140627i18251828\\\\\\\\\\\\\\\\\\0dfre
=041  \\$afre
=100  \\$aRousseau, Jean-Jacques$d1712-1778$4aut$1http://www.wikidata.org/entity/Q6527$95214
=245  \\$aOeuvres complètes
=260  \\$aParis$bFéret$c1825-28
=300  \\$a26 vols. (470+441+426+353+381+500+534+524+374+435+429+448+453+461+489+489+384+378+?+356+436+424+492+438+428+405 pages)
=505  \\$aDiscours -- Philosophie -- Émile ou De l'éducation -- Contrat social -- Lettres de la montagne -- Nouvelle Héloïse -- Mélanges -- Dictionnaire de musique -- Écrits sur la musique -- Confessions -- Dialogues -- Correspondance
=648  \0$a18th Century (1701-1800)$1http://www.wikidata.org/entity/Q7015$920899
=650  \0$aPhilosophy$1http://www.wikidata.org/entity/Q5891$92357
=650  \0$aMusic philosophy and aesthetics$1http://www.wikidata.org/entity/Q2092865$921165
=650  \0$aMusic criticism$1http://www.wikidata.org/entity/Q11748889$921598
=650  \0$aNovel$1http://www.wikidata.org/entity/Q8261$921629
=650  \0$aCorrespondence$1http://www.wikidata.org/entity/Q1784733$921392
=650  \0$aEducation$926206
=650  \0$aBiography$1http://www.wikidata.org/entity/Q36279$91927
=650  \0$aPolitics$1http://www.wikidata.org/entity/Q7163$921826
=651  \0$aFrance$1http://www.wikidata.org/entity/Q142$9131
=651  \0$aSwitzerland$1http://www.wikidata.org/entity/Q39$920954
=942  \\$cBOO
=952  \\$00$10$2ddc$3vol.1$40$6KTS_1_000000000000000_H_05_002$70$8RAR$917921$aORPH$bORPH$cKTS1_H$d2022-01-06$oKTS1 H.05.002$p20146622$r2021-01-12 00:00:00$w2021-01-12$yBOO
=952  \\$00$10$2ddc$3vol.2$40$6KTS_1_000000000000000_H_05_003$70$8RAR$917922$aORPH$bORPH$cKTS1_H$d2022-01-06$oKTS1 H.05.003$p20146615$r2021-01-12 00:00:00$w2021-01-12$yBOO
=952  \\$00$10$2ddc$3vol.3$40$6KTS_1_000000000000000_H_05_004$70$8RAR$917923$aORPH$bORPH$cKTS1_H$d2022-01-06$oKTS1 H.05.004$p20146616$r2021-01-12 00:00:00$w2021-01-12$yBOO
=952  \\$00$10$2ddc$3vol.4$40$6KTS_1_000000000000000_H_05_005$70$8RAR$917924$aORPH$bORPH$cKTS1_H$d2022-01-06$oKTS1 H.05.005$p20146617$r2021-01-12 00:00:00$w2021-01-12$yBOO
=952  \\$00$10$2ddc$3vol.5$40$6KTS_1_000000000000000_H_05_006$70$8RAR$917925$aORPH$bORPH$cKTS1_H$d2022-01-06$oKTS1 H.05.006$p20146618$r2021-01-12 00:00:00$w2021-01-12$yBOO
=952  \\$00$10$2ddc$3vol.6 $40$6KTS_1_000000000000000_H_05_007$70$8RAR$917926$aORPH$bORPH$cKTS1_H$d2022-01-06$oKTS1 H.05.007$p20146619$r2021-01-12 00:00:00$w2021-01-12$yBOO
=952  \\$00$10$2ddc$3vol.7$40$6KTS_1_000000000000000_H_05_008$70$8RAR$917927$aORPH$bORPH$cKTS1_H$d2022-01-06$oKTS1 H.05.008$p20146620$r2021-01-12 00:00:00$w2021-01-12$yBOO
=952  \\$00$10$2ddc$3vol.8$40$6KTS_1_000000000000000_H_05_009$70$8RAR$917928$aORPH$bORPH$cKTS1_H$d2022-01-06$oKTS1 H.05.009$p20146621$r2021-01-12 00:00:00$w2021-01-12$yBOO
=952  \\$00$10$2ddc$3vol.9$40$6KTS_1_000000000000000_H_05_010$70$8RAR$917929$aORPH$bORPH$cKTS1_H$d2022-01-06$oKTS1 H.05.010$p20146623$r2021-01-12 00:00:00$w2021-01-12$yBOO
=952  \\$00$10$2ddc$3vol.10$40$6KTS_1_000000000000000_H_05_011$70$8RAR$917930$aORPH$bORPH$cKTS1_H$d2022-01-06$oKTS1 H.05.011$p20146624$r2021-01-12 00:00:00$w2021-01-12$yBOO
=952  \\$00$10$2ddc$3vol.11$40$6KTS_1_000000000000000_H_05_012$70$8RAR$917931$aORPH$bORPH$cKTS1_H$d2022-01-06$oKTS1 H.05.012$p20146625$r2021-01-12 00:00:00$w2021-01-12$yBOO
=952  \\$00$10$2ddc$3vol.12$40$6KTS_1_000000000000000_H_05_013$70$8RAR$917932$aORPH$bORPH$cKTS1_H$d2022-01-06$oKTS1 H.05.013$p20146626$r2021-01-12 00:00:00$w2021-01-12$yBOO
=952  \\$00$10$2ddc$3vol.13$40$6KTS_1_000000000000000_H_05_014$70$8RAR$917933$aORPH$bORPH$cKTS1_H$d2022-01-06$oKTS1 H.05.014$p20146627$r2021-01-12 00:00:00$w2021-01-12$yBOO
=952  \\$00$10$2ddc$3vol.14$40$6KTS_1_000000000000000_H_05_015$70$8RAR$917934$aORPH$bORPH$cKTS1_H$d2022-01-06$oKTS1 H.05.015$p20146628$r2021-01-12 00:00:00$w2021-01-12$yBOO
=952  \\$00$10$2ddc$3Vol.15$40$6KTS_1_000000000000000_H_05_016$70$8RAR$917935$aORPH$bORPH$cKTS1_H$d2022-01-06$oKTS1 H.05.016$p20146629$r2021-01-12 00:00:00$w2021-01-12$yBOO
=952  \\$00$10$2ddc$3vol.16$40$6KTS_1_000000000000000_H_05_017$70$8RAR$917936$aORPH$bORPH$cKTS1_H$d2022-01-06$oKTS1 H.05.017$p20146630$r2021-01-12 00:00:00$w2021-01-12$yBOO
=952  \\$00$10$2ddc$3vol.17$40$6KTS_1_000000000000000_H_05_018$70$8RAR$917937$aORPH$bORPH$cKTS1_H$d2022-01-06$oKTS1 H.05.018$p20146631$r2021-01-12 00:00:00$w2021-01-12$yBOO
=952  \\$00$10$2ddc$3vol.18$40$6KTS_1_000000000000000_H_05_019$70$8RAR$917938$aORPH$bORPH$cKTS1_H$d2022-01-06$oKTS1 H.05.019$p20146632$r2021-01-12 00:00:00$w2021-01-12$yBOO
=952  \\$00$10$2ddc$3vol.19$40$6KTS_1_000000000000000_H_05_020$70$8RAR$917939$aORPH$bORPH$cKTS1_H$d2022-01-06$oKTS1 H.05.020$p20146633$r2021-01-12 00:00:00$w2021-01-12$yBOO
=952  \\$00$10$2ddc$3vol.20$40$6KTS_1_000000000000000_H_05_021$70$8RAR$917940$aORPH$bORPH$cKTS1_H$d2022-01-06$oKTS1 H.05.021$p20146634$r2021-01-12 00:00:00$w2021-01-12$yBOO
=952  \\$00$10$2ddc$3vol.21$40$6KTS_1_000000000000000_H_05_022$70$8RAR$917941$aORPH$bORPH$cKTS1_H$d2022-01-06$oKTS1 H.05.022$p20146635$r2021-01-12 00:00:00$w2021-01-12$yBOO
=952  \\$00$10$2ddc$3vol.22$40$6KTS_1_000000000000000_H_05_023$70$8RAR$917942$aORPH$bORPH$cKTS1_H$d2022-01-06$oKTS1 H.05.023$p20146637$r2021-01-12 00:00:00$w2021-01-12$yBOO
=952  \\$00$10$2ddc$3vol.23$40$6KTS_1_000000000000000_H_05_024$70$8RAR$917943$aORPH$bORPH$cKTS1_H$d2022-01-06$oKTS1 H.05.024$p20146638$r2021-01-12 00:00:00$w2021-01-12$yBOO
=952  \\$00$10$2ddc$3vol.24$40$6KTS_1_000000000000000_H_05_025$70$8RAR$917944$aORPH$bORPH$cKTS1_H$d2022-01-06$oKTS1 H.05.025$p20146636$r2021-01-12 00:00:00$w2021-01-12$yBOO
=952  \\$00$10$2ddc$3vol.25$40$6KTS_1_000000000000000_H_05_026$70$8RAR$917945$aORPH$bORPH$cKTS1_H$d2022-01-06$oKTS1 H.05.026$p20146642$r2021-01-12 00:00:00$w2021-01-12$yBOO
=952  \\$00$10$2ddc$3vol.26$40$6KTS_1_000000000000000_H_05_027$70$8RAR$917946$aORPH$bORPH$cKTS1_H$d2022-01-06$oKTS1 H.05.027$p20146639$r2021-01-12 00:00:00$w2021-01-12$yBOO
=952  \\$00$10$2ddc$3Oeuvres Inédites$40$6KTS_1_000000000000000_H_05_028$70$8RAR$917947$aORPH$bORPH$cKTS1_H$d2022-01-06$oKTS1 H.05.028$p20146640$r2021-01-12 00:00:00$w2021-01-12$yBOO
=952  \\$00$10$2ddc$3Lettres à Rey$40$6KTS_1_000000000000000_H_05_029$70$8RAR$917948$aORPH$bORPH$cKTS1_H$d2022-01-06$oKTS1 H.05.029$p20146641$r2021-01-12 00:00:00$w2021-01-12$yBOO
=999  \\$d17871

