=LDR  00854aam a2200229   4500
=001  17901
=005  20250120120333.0
=008  170306s1986\\\\\\\\\\\\\\\\\\\\\\0\mul
=020  \\$a2711602028
=041  \\$afre$alat
=100  \\$4aut$aDescartes, René$d1596-1650$1http://www.wikidata.org/entity/Q9191$95525
=245  \\$aŒuvres
=260  \\$aParis$bVrin$c1986
=300  \\$a693 pages
=490  \\$aŒuvres de Descartes$vX
=648  \0$a17th Century (1601-1700)$1http://www.wikidata.org/entity/Q7016$920923
=650  \0$aPhilosophy$1http://www.wikidata.org/entity/Q5891$92357
=700  \\$4edt$aAdam, Charles$919348
=700  \\$4edt$aTannery, Paul$d1862-1945$912729
=942  \\$cBOO
=952  \\$00$10$2ddc$40$6PHI_DESC_B_ADAM$70$8PHI$917951$aORPH$bORPH$cKM12_3_2$d2021-08-03$oPHI DESC b ADAM$p20132933$r2021-01-12 00:00:00$w2021-01-12$yBOO
=999  \\$c17901$d17901

