=LDR  02224aam a2200241   4500
=001  17907
=005  20251010154337.0
=008  120924s2011\\\\-usaf\\\\\\\\\\\\\0\eng\d
=020  \\$a9781574671988
=041  \\$aeng
=245  \\$aThe Official Guide to Steinway Pianos
=260  \\$aMilwaukee, WI$bAmadeus Press$c2011
=300  \\$a229 pages
=520  \\$aThe Official Guide to Steinway Pianos is a compendium from the archives of renowned piano maker Steinway & Sons to encompass for the first time reference material and details from 16 decades of Steinway piano making in New York. Thirty years of research and compilation by authors Roy F. Kehl and David R. Kirkland bring to light with thorough precision the production history of Steinway pianos. A "family tree" of Steinway production history provides in-depth, complete historical listings of every model produced and their characteristic details, with first/last serial numbers and production dates, individual scale studies for major models, highlights of important changes and events in Steinway piano production by serial number and date, a gallery of Steinway decalcomania by years, a table of Steinway patents, and tables of historic Steinway steel wire sizes. The Guide is an indispensable tool for piano technicians and dealers who need to determine the relationship of a particular Steinway piano within the historical framework of the company's overall production, as well as a means to help identify, establish the provenance of, and verify and preserve the originality of any given Steinway piano. Through compilation of pinpoint information, the Guide offers an accurate and fascinating resume of Steinway & Sons' ongoing production history.
=610  20$926556$aSteinway & Sons
=650  \0$1http://www.wikidata.org/entity/Q5994$aPiano$92127
=650  \0$1http://www.wikidata.org/entity/Q901207$aKeyboard$923503
=651  \0$1http://www.wikidata.org/entity/Q30$aUSA$943
=700  \\$4aut$919351$aKehl, Roy F.
=700  \\$4aut$919352$aKirkland, David R.
=942  \\$cBOO
=952  \\$00$10$2ddc$40$6INS_3_000000000000000_3B_STEI$70$8INS$917957$aORPH$bORPH$cKTS0$d2023-10-03$g31.50$l0$oINS3.3b STEI$p20130173$r2021-01-12 00:00:00$w2021-01-12$yBOO
=999  \\$d17907

