=LDR  02713aam a2200229   4500
=001  17910
=005  20250925143304.0
=008  120711s2012\\\\\\\\\\\\\\\\\\\\\\0\eng\d
=041  \\$aeng
=100  1\$aPeres Da Costa, Neal$4aut$919353
=245  \\$aOff the Record:$bPerforming Practices in Romantic Piano Playing
=260  \\$aNew York, NY$bOxford University Press$c2012
=300  \\$axxxiv-342 pages
=520  \\$aOff the Record is a revealing exploration of piano performing practices of the high Romantic era. Author and well-known pianist Neal Peres Da Costa bases his investigation on a range of early sound recordings (acoustic, piano roll and electric) that capture a generation of highly-esteemed pianists trained as far back as the mid-nineteenth-century. Placing general practices of late nineteenth-century piano performance alongside evidence of the stylistic idiosyncrasies of legendary pianists such as Carl Reinecke (1824-1910), Theodor Leschetizky (1830-1915), Camille Saint-Saëns (1838-1921) and Johannes Brahms (1833-1897), he examines prevalent techniques of the time--dislocation, unnotated arpeggiation, rhythmic alteration, tempo fluctuation--and unfolds the background and lineage of significant performer/pedagogues. Throughout, Peres Da Costa demonstrates that these early recordings do not simply capture the idiosyncrasies of aging musicians as has been commonly asserted, but in fact represent a range of established expressive practices of a lost age. An extensive collection of these rare and never-before-heard professional recordings of the Romantic age masters are available on a companion web site, and in addition, Peres Da Costa, himself a renowned period keyboardist, illustrates points made throughout the book with his own playing. Of essential value to student and professional pianists, historical musicologists of 19th and early 20th century performance practice, and also to the general music aficionado audience, Off the Record is an indispensable resource for scholarly research, performance inspiration, and listening enjoyment.
=648  \0$1http://www.wikidata.org/entity/Q6955$a19th Century (1801-1900)$920935
=648  \0$1http://www.wikidata.org/entity/Q6927$a20th Century (1901-2000)$920936
=650  \0$1http://www.wikidata.org/entity/Q1344860$aHistorically informed performance$920980
=650  \0$1http://www.wikidata.org/entity/Q5994$aPiano$92127
=650  \0$1http://www.wikidata.org/entity/Q10302058$aSound recording industry$92246
=942  \\$cBOO
=952  \\$00$10$2ddc$40$6MTP_2_000000000000000_PERE$70$8MTP$917960$aORPH$bORPH$cKM12_1$d2012-04-10$g30.00$l1$m1$oMTP2 PERE$p20145612$r2023-07-20 00:00:00$s2021-03-12$w2021-01-12$yBOO$Vamazon.co.uk
=999  \\$d17910

