=LDR  01568aam a2200205   4500
=001  17913
=005  20250120120513.0
=008  171012s2016\\\\\\\\\\\\\\\\\\\\\\0\eng
=020  \\$a9789492095213
=041  \\$aeng
=100  \\$4aut$aWesseling, Janneke$919355
=245  \\$aOf Sponge, Stone and the Intertwinement with the Here and Now:$bA Methodology of Artistic Research
=260  \\$aAmsterdam$bValiz Vis-à-vis$c2016
=300  \\$a64 pages
=520  \\$aDit beknopte boek introduceert de notie van ervaring als belangrijkste concept binnen de methodologie van artistiek onderzoek. Janneke Wesseling traceert een genealogie van ervaring van William James, John Dewey en Alfred North Whitehead tot Brian Massumi en plaats dit in een theoretisch kader. Haar betoog is gebaseerd op de praktijk van artistiek onderzoek en de verwevenheid van denken en maken. Deze publicatie is een iets uitgebreidere versie van Wesselings inaugurele rede aan de Universiteit Leiden in september 2016.
Janneke Wesseling (1955) is kunstcriticus en kunsthistoricus. Zij schrijft als kunstcriticus voor NRC Handelsblad en leidt daarnaast het doctoraal programma PhDArts aan de Universiteit van Leiden, waar zij in februari 2016 tot hoogleraar werd benoemd.
=650  \0$aArtistic research$1http://www.wikidata.org/entity/Q20827087$921804
=650  \0$aExperience$1http://www.wikidata.org/entity/Q1355387$922565
=942  \\$cBOO
=952  \\$00$10$2ddc$40$6REF_2_000000000000000_WESS$70$8REF$917963$aORPH$bORPH$cKM12_1$d2021-08-24$oREF2 WESS$p20131170$r2021-01-12 00:00:00$w2021-01-12$yBOO
=999  \\$d17913

