=LDR  00750aam a2200193   4500
=001  17919
=005  20250109133037.0
=008  140526s2014\\\\\\\\\\\\\\\\\\\\\\0\mul
=041  \\$aeng$adut
=245  \\$aOn air: Skills of the 21st century.$bArtist in Residence programma Amsterdamse Hogeschool voor de kunsten 2014
=260  \\$aAmsterdam$bLectoraat kunstpraktijk$c2014
=300  \\$a72-[32]-72 pages
=700  \\$4edt$aDehaes, Ugo$919361
=700  \\$4edt$aRodenkirchen, Franz$919363
=700  \\$4edt$aEngelbergt, Martijn$919362
=710  \\$4edt$aAuthentic Boys$925669
=942  \\$cBOO
=952  \\$00$10$2ddc$40$6REF_3_000000000000000_DEHA$70$8REF$917969$aORPH$bORPH$cKM12_1$d2021-08-26$oREF3 DEHA$p20134317$r2021-01-12 00:00:00$w2021-01-12$yBOO
=999  \\$d17919

