=LDR  02240aam a2200181   4500
=001  17921
=005  20250109133037.0
=008  120907s1999\\\\\\\\\\\\\\\\\\\\\\0\e
=020  \\$a9780715636237
=041  \\$aeng
=100  \\$aScarry, Elaine$4aut$919370
=245  \\$aOn beauty: and being just
=260  \\$aLondon$bDuckworth$c1999
=300  \\$a134
=520  \\$aHave we become beauty-blind? For two decades or more in the humanities, various political arguments have been put forward against beauty: that it distracts us from more important issues; that it is the handmaiden of privilege; and that it masks political interests. In On Beauty and Being Just Elaine Scarry not only defends beauty from the political arguments against it but also argues that beauty does indeed press us toward a greater concern for justice. Taking inspiration from writers and thinkers as diverse as Homer, Plato, Marcel Proust, Simone Weil, and Iris Murdoch as well as her own experiences, Scarry offers up an elegant, passionate manifesto for the revival of beauty in our intellectual work as well as our homes, museums, and classrooms.

Scarry argues that our responses to beauty are perceptual events of profound significance for the individual and for society. Presenting us with a rare and exceptional opportunity to witness fairness, beauty assists us in our attention to justice. The beautiful object renders fairness, an abstract concept, concrete by making it directly available to our sensory perceptions. With its direct appeal to the senses, beauty stops us, transfixes us, fills us with a "surfeit of aliveness." In so doing, it takes the individual away from the center of his or her self-preoccupation and thus prompts a distribution of attention outward toward others and, ultimately, she contends, toward ethical fairness.

Scarry, author of the landmark The Body in Pain and one of our bravest and most creative thinkers, offers us here philosophical critique written with clarity and conviction as well as a passionate plea that we change the way we think about beauty.
=942  \\$cBOO
=952  \\$00$10$2ddc$40$6PHI_SCAR_A$70$8PHI$917971$aORPH$bORPH$cKM12_3_2$d2021-08-10$oPHI SCAR a$p20133535$r2021-01-12 00:00:00$w2021-01-12$yBOO
=999  \\$c17921$d17921

