=LDR  01478aam a2200169   4500
=001  17927
=005  20230123101216.0
=008  180910s2017\\\\\\\\\\\\\\\\\\\\\\0\dut
=020  \\$a9789055744329
=100  \\$aOost, Heinze$4aut$916381
=245  \\$aEen onderzoek begeleiden
=260  \\$aAmersfoort$bThiemeMeulenhoff$c2017 (2004)
=300  \\$a88 pages
=520  \\$aBinnen het hoger onderwijs neemt het ontwikkelen van beroepsbekwaamheden, waarondern het leren onderzoeken, een belangrijke plaats in. Studenten in HBO en op universiteiten worden bovendien steeds vaker geconfronteerd meet onderzoeksopdrachten, omdat gebleken is dat onderzoek doen een goede manier is om allerlei dingen te leren.

Een onderzoek begeleiden is een aanvulling op het vierluik ""Leren onderzoeken"", gedegen maar compacte boeken voor studenten.
Dit boek is bedoeld voor iedereen die een taak heeft bij het begeleiden van studenten die klein of groot onderzoek moeten doen. Vierendertig veel gestelde vragen van onderzoeksbegeleiders staan centraal. Op elke vraag geeft de auteur een zo concreet mogelijk antwoord, aan de hand van een figuur of schema. Hij baseert zich daarbij op jarenlange ervaring in het werken met onderzoeksbegeleiders, alsmede op hetgeen uit de literatuur bekend is over de betreffende vraag.


=942  \\$cBOO
=952  \\$00$10$2ddc$40$6REF_2_000000000000000_OOST$70$8REF$917977$aORPH$bORPH$cKM12_1$d2021-08-24$g24.00$oREF2 OOST$p20131160$r2021-01-12 00:00:00$w2021-01-12$yBOO
=999  \\$d17927

