=LDR  01296aam a2200181   4500
=001  17929
=005  20230123101216.0
=008  110829s2005\\\\\\\\\\\\\\\\\\\\\\0\dut
=020  \\$a9055743747
=100  \\$aOost, Heinze$4aut$916381
=245  \\$aEen onderzoek rapporteren
=250  \\$a3
=260  \\$aBaarn$bHBuitgevers$c2005
=300  \\$a80 pages
=520  \\$aIn het hoger onderwijs neemt het ontwikkelen van beroepsbekwaamheden, ook het leren onderzoeken, een belangrijke plaats in. Studenten in HBO en op universiteiten worden steeds vaker geconfronteerd met (kleine en grote) onderzoeksopdrachten, omdat gebleken is dat onderzoek doen een goede manier is om allerlei dingen te leren.

Een onderzoek rapporteren is het derde deel van een vierluik van onderzoeksboeken dat vier cruciale onderdelen van het onderzoeksproces behandelt. Elk boek is los te gebruiken maar opgebouwd volgens een vaste structuur. Naast heldere uitleg over nut, eisen en aanpak, bevat elk boek voorbeelden, uitgewerkte oefeningen, vraagbaken, zelftesten en opdrachten om de leerstof toe te passen op het eigen (klein of groot) onderzoek.


=942  \\$cBOO
=952  \\$00$10$2ddc$40$6REF_2_000000000000000_OOST$70$8REF$917979$aORPH$bORPH$cKM12_1$d2021-08-24$oREF2 OOST$p20131159$r2021-01-12 00:00:00$w2021-01-12$yBOO
=999  \\$d17929

