=LDR  01306aam a2200181   4500
=001  17931
=005  20230123101216.0
=008  180910s2018\\\\\\\\\\\\\\\\\\\\\\0\dut
=020  \\$a9789006978148
=100  \\$aOost, Heinze$4aut$916381
=245  \\$aEen onderzoek uitvoeren
=250  \\$a2de
=260  \\$aAmersfoort$bThiemeMeulenhoff$c2018 (2012)
=300  \\$a88 pages
=520  \\$aBinnen het hoger onderwijs neemt het ontwikkelen van beroepsbekwaamheden, waarondern het leren onderzoeken, een belangrijke plaats in. Studenten in HBO en op universiteiten worden bovendien steeds vaker geconfronteerd meet onderzoeksopdrachten, omdat gebleken is dat onderzoek doen een goede manier is om allerlei dingen te leren.

In het tweede deel van de Onderzoeksreeks leert de student een onderzoek uitvoeren door het bestuderen van veelgemaakte fouten, zoals strategiefouten, redeneerfouten, systematische fouten of toevalsfouten. De student krijgt uitleg over de verschillende typen fouten en hun gevolgen, en leert hoe hij deze zelf kan opsporen en herstellen, of beter nog voorkomen. * Leren van fouten * Praktisch en doelgericht
=942  \\$cBOO
=952  \\$00$10$2ddc$40$6REF_2_000000000000000_OOST$70$8REF$917981$aORPH$bORPH$cKM12_1$d2021-08-24$g21.00$oREF2 OOST$p20131157$r2021-01-12 00:00:00$w2021-01-12$yBOO
=999  \\$d17931

