=LDR  01532aam a2200193   4500
=001  17932
=005  20230123104853.0
=008  180910s2016\\\\\\\\\\\\\\\\\\\\\\0\dut
=020  \\$a9789006978131
=245  \\$aEen onderzoek voorbereiden
=250  \\$a2de
=260  \\$aAmersfoort$bThiemeMeulenhoff$c2016 (2010)
=300  \\$a79 pages
=520  \\$aBinnen het hoger onderwijs neemt het ontwikkelen van beroepsbekwaamheden, waarondern het leren onderzoeken, een belangrijke plaats in. Studenten in HBO en op universiteiten worden bovendien steeds vaker geconfronteerd meet onderzoeksopdrachten, omdat gebleken is dat onderzoek doen een goede manier is om allerlei dingen te leren.

'Een onderzoek voorbereiden' is het tweede deel van een vierluik van gedegen maar compacte onderzoeksboeken die aansluiten bij het hoger onderwijs van nu. Het is niet alleen informatief en goed leesbaar, maar biedt de lezer ook een praktisch draaiboek voor de uitvoering van klein of groot onderzoek. Naast heldere uitleg over nut, eisen en aanpak bevat het boek voorbeelden, uitgewerkte oefeningen, vraagbaken en zelftesten en opdrachten om de leerstof toe te passen op het eigen onderzoek. Zowel de opzet als de geboden informatie zijn gebaseerd op jarenlang onderzoek en onderwijs.
=700  \\$4aut$aOost, Heinze$916381
=700  \\$4aut$aMarkenhof, Angela$919377
=942  \\$cBOO
=952  \\$00$10$2ddc$40$6REF_2_000000000000000_OOST$70$8REF$917982$aORPH$bORPH$cKM12_1$d2021-08-24$g21.00$oREF2 OOST$p20131158$r2021-01-12 00:00:00$w2021-01-12$yBOO
=999  \\$d17932

