=LDR  00816aam a2200193   4500
=001  17933
=008  120103s1995\\\\-usag\\\\\\\\\\\\\0\eng\d
=020  \\$a9780028722801
=041  \\$aeng
=100  \\$aSandor, Gyorgy$4aut$919379
=245  \\$aOn Piano Playing.$bMotion, Sound and Expression
=260  \\$aBelmont$bSchirmer$c1995
=300  \\$a240 pages
=520  \\$aOn Piano Playing is Gyorgy Sandor's complete, practical program for developing the physical skills essential to accomplished playing.
=650  \0$aPiano$1http://www.wikidata.org/entity/Q5994$92127
=650  \0$aMethod$1http://www.wikidata.org/entity/Q2250960$921402
=942  \\$cBOO
=952  \\$00$10$2ddc$40$6INS_3_000000000000000_3C_SAND$70$8INS$917983$aORPH$bORPH$cKTS0$d2022-01-05$oINS3.3c SAND$p20125987$r2021-01-12 00:00:00$w2021-01-12$yBOO
=999  \\$d17933

