=LDR  01521aam a2200193   4500
=001  17939
=005  20250109133512.0
=008  120906s2003\\\\\\\\\\\\\\\\\\\\\\0\eng
=041  \\$aeng
=100  \\$4aut$aButler, John$919386
=245  \\$aOn the Move:$bSharing Experience on the Bologna Process in the Arts
=260  \\$aAmsterdam$bDe Bevrijding$c2003
=300  \\$a80 pages
=520  \\$aSharing experience on the Bologna Process in the arts is a publication of the European League of Institutes of the Arts (ELIA) in the framework of the Socrates Thematic Network Innovation in Higher Arts Education in Europe.

Editors: Truus Ophuysen and Lars Ebert, ELIA Executive Office, Amsterdam, The Netherlands
This Publication was supported by the European Commission. No part of this publication including the cover design, may be reproduced, stored or transmitted in any form or by any means without prior permission of the publisher.
This publication reflects the views only of the authors.

Printed: de Bevrijding, Amsterdam.
Design: Joke Mestdagh, Robert van de Linde, Amsterdam.
Copies of this handbook can be ordered from the ELIA Executive Office. 
Postal expenses will be charged.
=648  \0$a21st Century (2001-2100)$1http://www.wikidata.org/entity/Q6939$920812
=650  \0$aMusic education$1http://www.wikidata.org/entity/Q27908$921766
=942  \\$cBOO
=952  \\$00$10$2ddc$40$6MTP_4_000000000000000_BUTL$70$8MTP$917989$aORPH$bORPH$cKM12_1$d2021-11-25$oMTP4 BUTL$p20135471$r2021-01-12 00:00:00$w2021-01-12$yBOO
=999  \\$d17939

