=LDR  00788aam a2200169   4500
=001  17941
=005  20230123104855.0
=008  190527r19801970\\\\\\\\\\\\\\\\\\0\eng
=041  \\$aeng
=100  \\$aClarkson, George Austin Elliot$4aut$919388
=245  \\$aOn the nature of medieval song: the declamation of plainchant and the lyric structure of the fourteenth-century motet
=260  \\$aMichigan$bUniversity microfilms international$c1980 (1971)
=300  \\$a450 pages
=520  \\$aSubmitted in partial fulfillment of the requirements for the degree of Doctor of Philosophy, in the Faculty, Columbia University
=942  \\$cDIS
=952  \\$00$10$2ddc$40$6MTP_5_000000000000000_CLAR$70$8MTP$917991$aORPH$bORPH$cKM12_1$d2021-08-30$oMTP5 CLAR$p20131350$r2021-01-12 00:00:00$w2021-01-12$yDIS
=999  \\$d17941

