=LDR  00850aam a2200169   4500
=001  17943
=005  20230123104855.0
=008  180307s2016\\\\\\\\\\\\\\\\\\\\\\0\e
=041  \\$aeng
=100  \\$aBlokland, Frank Eduard$4aut$919390
=245  \\$aOn the origin of patterning on movable latin type.$bRenaissance standardisation, systematisation, and unitisation of textura and roman type
=260  \\$aLeiden$c2016
=300  \\$a454 pages
=500  \\$aProefschrift ter verkrijging van de graad van Doctor aan de Universiteit Leiden op gezag van de Rector Magnificus prof. mr. C.J.J.M. Stolker, volgens besluit van het College voor promoties te verdedigen op 16 oktober 2016.


=942  \\$cDIS
=952  \\$00$10$2ddc$40$6MTP_5_000000000000000_BLOK$70$8MTP$917993$aORPH$bORPH$cKM12_1$d2021-08-30$oMTP5 BLOK$p20131344$r2021-01-12 00:00:00$w2021-01-12$yDIS
=999  \\$d17943

