=LDR  01707aam a2200253   4500
=001  17947
=005  20250120120150.0
=008  140228s1993\\\\\\\\\\\\\\\\\\\\\\0\eng\d
=020  \\$a9780197261217
=041  \\$aeng$hlat
=100  1\$aKilwardby, Robert$d-1279$4aut$919394
=245  \\$aOn Time and Imagination$nPart 2
=260  \\$aOxford$bOxford university press$c1993
=300  \\$a178 pages
=500  \\$aRobert Kilwardby (c. 1215-1279) was an Archbishop of Canterbury in England and a cardinal. Kilwardby was the first member of a mendicant order to attain a high ecclesiastical office in the English Church. 
=500  \\$aAs the second part in this series devoted to the writings of the English Dominican Robert Kilwardby, this work presents a translation of the Latin text of two Oxford treatises from the 1250s: one on time, the other on imagination. The treatise on time discusses its reality, connection with change, unity and beginning, the instant and time's relationship to eternity; the one on imagination examines the way imagery is acquired, retained and transmitted, and the relation between heart and head in the workings of common sense. Part 1 contains the original text.
=650  \0$aPhilosophy$1http://www.wikidata.org/entity/Q5891$92357
=650  \0$aTime$1http://www.wikidata.org/entity/Q11471$93353
=650  \0$aImagination$1http://www.wikidata.org/entity/Q34516$92945
=700  1\$aBroadie, Alexander$4edt$4trl$4win$927751
=765  \\$aDe tempore - De spiritu fantastico
=942  \\$cBOO
=952  \\$00$10$2ddc$40$6PHI_KILW_A$70$8PHI$917998$aORPH$bORPH$cKM12_3_2$d2014-02-27$g11.00$l1$oPHI KILW a$p20143872$r2024-10-08 16:17:10$s2021-03-12$w2021-01-12$yBOO$Vamazon.fr
=999  \\$d17947

