=LDR  00796aam a2200181   4500
=001  17949
=005  20250109133037.0
=008  130419s2012\\\\\\\\\\\\\\\\\\\\\\0\e
=020  \\$a9780745652610
=041  \\$ae
=100  \\$aMalabou, Catherine$4aut$919395
=245  \\$aOntology of the accident: An essay on destructive plasticity
=260  \\$aCambridge$bPolity$c2012
=300  \\$a103
=520  \\$a* Catherine Malabou is a rising star of French philosophy and has a high reputation in the English speaking world. This is the second of several books by her that Polity will publish, the first being Changing Difference.
=942  \\$cBOO
=952  \\$00$10$2ddc$40$6PHI_MALA_A$70$8PHI$918000$aORPH$bORPH$cKM12_3_2$d2021-08-02$g9.00$oPHI MALA a$p20130523$r2021-01-12 00:00:00$w2021-01-12$yBOO
=999  \\$c17949$d17949

