=LDR  00945aam a2200205   4500
=001  17956
=005  20250908154532.0
=008  130304s1995\\\\\\\\\\\\\\\\\\\\\\0\eng\d
=020  \\$a9780415237314
=041  \\$aeng
=100  \\$aPopper, Karl$d1902-1994$4aut$1http://www.wikidata.org/entity/Q81244$916634
=245  \\$aThe Open Society and Its Enemies
=260  \\$aNew York, NY$bRoutledge$c1995
=300  \\$a2 volumes (402+470 pages)
=650  \0$aPhilosophy$1http://www.wikidata.org/entity/Q5891$92357
=650  \0$aPolitics$1http://www.wikidata.org/entity/Q7163$921826
=942  \\$cBOO
=952  \\$00$10$2ddc$3Volume II: Hegel and Marx $40$6PHI_POPP_A$70$8PHI$918006$aORPH$bORPH$cKM12_3_2$d2021-08-02$oPHI POPP a$p20132865$r2021-01-12 00:00:00$w2021-01-12$yBOO
=952  \\$00$10$2ddc$3Volume I: The Spell of Plato$40$6PHI_POPP_A$70$8PHI$918007$aORPH$bORPH$cKM12_3_2$d2021-08-02$oPHI POPP a$p20132864$r2021-01-12 00:00:00$w2021-01-12$yBOO
=999  \\$d17956

