=LDR  01564aam a2200289   4500
=001  17958
=005  20250925143304.0
=008  150924s1925\\\\\\\\\\\\\b\\\\\\1\0\fre\d
=041  \\$afre
=100  \\$aProd'homme, Jacques-Gabriel$d1871-1956$4aut$1http://www.wikidata.org/entity/Q3157945$916216
=245  \\$aL'Opéra (1669-1925)
=260  \\$aParis$bLibrairie Delagrave$c1925
=300  \\$a165-[1] pages
=561  \\$aEx libris G. Wissaert - Isa Belli - Bruxelles (Plate)
=590  \\$aDescription du nouvel opéra. - Historique - Salles occupées par l'opéra depuis son origine. - Dénominations officielles.  Directions. - Répertoire. - Principaux artistes. - Bibliographie.
=610  \0$aOpéra (Paris, France)$1http://www.wikidata.org/entity/Q283339$920898
=648  \0$a17th Century (1601-1700)$1http://www.wikidata.org/entity/Q7016$920923
=648  \0$a18th Century (1701-1800)$1http://www.wikidata.org/entity/Q7015$920899
=648  \0$a19th Century (1801-1900)$1http://www.wikidata.org/entity/Q6955$920935
=648  \0$a20th Century (1901-2000)$1http://www.wikidata.org/entity/Q6927$920936
=650  \0$aOpera$1http://www.wikidata.org/entity/Q1344$92468
=650  \0$aMusic history$1http://www.wikidata.org/entity/Q846047$921373
=650  \0$aTheater history$1http://www.wikidata.org/entity/Q1061140$94607
=651  \0$aParis (France)$1http://www.wikidata.org/entity/Q90$9160
=942  \\$cBOO
=952  \\$00$10$2ddc$40$6TOP_FR_PAR$70$8TOP$918009$aORPH$bORPH$cKTS0$d2022-09-07$l0$oTOP FR.PAR$p20131019$r2021-01-12 00:00:00$w2021-01-12$yBOO
=999  \\$d17958

