=LDR  01010aam a2200169   4500
=001  17964
=005  20250109133036.0
=008  120330s2001\\\\\\\\\\\\\\\\\\\\\\0\\\\
=020  \\$a9789026318726
=100  \\$aNussbaum, Martha C.$4aut$919296
=245  \\$aOplevingen van het denken: Over de menselijke emoties
=260  \\$aAmsterdam$bAmbo$c2001
=300  \\$a710
=520  \\$aOplevingen van het denken is het magnum opus van Martha Nussbaum. Dit meesterstuk is gewijd aan emoties. Nussbaum laat zien hoe door de eeuwen heen gedacht en geschreven is over emoties, niet alleen in de filosofie, maar ook in de literatuur en andere kunsten: zij ontleent diepe inzichten aan Dante, Joyce en Proust, schrijft over de emotionele betekenis van muziek en film, en brengt ook persoonlijke ervaringen - met name de dood van haar moeder - in stelling.

=942  \\$cBOO
=952  \\$00$10$2ddc$40$6PHI_NUSS_A$70$8PHI$918015$aORPH$bORPH$cKM12_3_2$d2021-08-17$oPHI NUSS a$p20133867$r2021-01-12 00:00:00$w2021-01-12$yBOO
=999  \\$c17964$d17964

