=LDR  00550aam a2200157   4500
=001  17969
=005  20250120120015.0
=008  120223s1973\\\\\\\\\\\\\\\\\\\\\\0\n
=041  \\$adut
=100  \\$aAdorno, Theodor W.$d1903-1969$4aut$1http://www.wikidata.org/entity/Q152388$915795
=245  \\$aOpvoeding tot mondigheid
=260  \\$aAntwerpen$bSpectrum$c1973
=300  \\$a125
=942  \\$cBOO
=952  \\$00$10$2ddc$40$6PHI_ADOR_A$70$8PHI$918020$aORPH$bORPH$cKM12_3_2$d2021-08-03$g600.00$oPHI ADOR a$p20132906$r2021-01-12 00:00:00$w2021-01-12$yBOO
=999  \\$c17969$d17969

