=LDR  02104aam a2200313   4500
=001  17973
=005  20250925143304.0
=008  120425s2002\\\\\\\\\\\\\\\\\\\\\\0\dut
=020  \\$a9789023401360
=041  \\$adut$hfre
=100  \\$4aut$aProust, Marcel$d1871-1922$1http://www.wikidata.org/entity/Q7199$919411
=245  \\$aOp zoek naar de verloren tijd
=260  \\$aAmsterdam$bDe Bezige Bij$c2002
=300  \\$a7 vols. (501+542+623+541+430+299+403 pages)
=648  \0$a20th Century (1901-2000)$1http://www.wikidata.org/entity/Q6927$920936
=650  \0$aNovel$1http://www.wikidata.org/entity/Q8261$921629
=650  \0$aMemory$1http://www.wikidata.org/entity/Q492$921472
=651  \0$aFrance$1http://www.wikidata.org/entity/Q142$9131
=700  \\$4trl$aCornips, Thérèse$919412
=765  \\$aÀ la recherche du temps perdu
=942  \\$cBOO
=952  \\$00$10$2ddc$3vol. 5: De gevangene$40$6LIT_PROU_A$70$8LIT$918022$aORPH$bORPH$cKM12_2_H$d2021-08-19$oLIT PROU a$p20134028$r2021-01-12 00:00:00$w2021-01-12$yBOO
=952  \\$00$10$2ddc$3vol. 3: De kant van Guermantes$40$6LIT_PROU_A$70$8LIT$918023$aORPH$bORPH$cKM12_2_H$d2021-08-19$oLIT PROU a$p20134018$r2021-01-12 00:00:00$w2021-01-12$yBOO
=952  \\$00$10$2ddc$3vol. 1: De kant van Swann$40$6LIT_PROU_A$70$8LIT$918024$aORPH$bORPH$cKM12_2_H$d2021-08-19$oLIT PROU a$p20134020$r2021-01-12 00:00:00$w2021-01-12$yBOO
=952  \\$00$10$2ddc$3vol. 7: De tijd hervonden$40$6LIT_PROU_A$70$8LIT$918025$aORPH$bORPH$cKM12_2_H$d2021-08-19$oLIT PROU a$p20134026$r2021-01-12 00:00:00$w2021-01-12$yBOO
=952  \\$00$10$2ddc$3vol. 6: De voortvluchtige$40$6LIT_PROU_A$70$8LIT$918026$aORPH$bORPH$cKM12_2_H$d2021-08-19$oLIT PROU a$p20134027$r2021-01-12 00:00:00$w2021-01-12$yBOO
=952  \\$00$10$2ddc$3vol. 2: In de schaduw van de bloeiende meisjes$40$6LIT_PROU_A$70$8LIT$918027$aORPH$bORPH$cKM12_2_H$d2021-08-19$oLIT PROU a$p20134019$r2021-01-12 00:00:00$w2021-01-12$yBOO
=952  \\$00$10$2ddc$3vol. 4: Sodom en Gomorra$40$6LIT_PROU_A$70$8LIT$918029$aORPH$bORPH$cKM12_2_H$d2021-08-19$oLIT PROU a$p20134029$r2021-01-12 00:00:00$w2021-01-12$yBOO
=999  \\$d17973

