=LDR  01759aam a2200181   4500
=001  17977
=005  20250109133038.0
=008  120419s2003\\\\\\\\\\\\\\\\\\\\\\0\n
=020  \\$a9064036284
=041  \\$adut
=100  \\$aProust, Marcel$d1871-1922$4aut$1http://www.wikidata.org/entity/Q7199$919411
=245  \\$aOp zoek naar de verloren tijd: Proust 1: De kant van swann: Script en werkboek
=260  \\$aAmsterdam$bInternational Theater & Film books/ro theater$c2003
=300  \\$a238
=520  \\$aDe Franse auteur Marcel Proust is beroemd geworden door zijn meesterwerk 'A la recherche du temps perdu', dat uit verschillende delen bestaat en ook in Nederlandse vertaling is verschenen. Stephane Heuet heeft het gewaagd van dit klassieke meesterwerk een stripserie te maken, die nu ook in Nederlandse vertaling verschijnt. Zijn project waaraan hij nu vele jaren werkt, heeft in Frankrijk heel wat stof doen opwaaien, maar heeft tot een overtuigend resultaat geleid. Dit deel is het eerste gedeelte van 'Un amour de Swann' ('Een liefde van Swann'). Hoofdfiguur is Swann, een voorname vrijgezel en rokkenjager, die een relatie krijgt met Odette zonder haar achtergrond te kennen. Odette introduceert hem op de soirees van de familie Verdurin. Swann probeert zich aan het burgerlijke milieu van de Verdurins aan te passen, maar met beperkt succes. De atmosfeer van het origineel is op overtuigende wijze door de tekenaar in beeld gebracht. De tekst wordt getrouw gevolgd. In realistische, maar licht ironische stijl getekend stripverhaal; veel tekst; passende inkleuring. Hoge kwaliteit.


=942  \\$cBOO
=952  \\$00$10$2ddc$40$6LIT_PROU_A$70$8LIT$918028$aORPH$bORPH$cKM12_2_H$d2021-08-19$oLIT PROU a$p20134021$r2021-01-12 00:00:00$w2021-01-12$yBOO
=999  \\$c17977$d17977

