=LDR  01036aam a2200229   4500
=001  17980
=005  20250120120044.0
=008  120213s2008\\\\\\\go\\\\\\\\\\\\\0\eng\d
=020  \\$a0754626261
=041  \\$aeng
=100  \\$4edt$aKelly, Thomas Forrest$919414
=245  \\$aOral and Written Transmission in Chant
=260  \\$aBurlington$bAshgate$c2008
=300  \\$a452 pages
=336  \\$aprinted
=490  \\$aMusic in Medival Europe
=520  \\$aThe writing down of music is one of the triumphant technologies of the West. Without writing, the performance of music involves some combination of memory and improvisation. This volume deals with the materials of chant from the point of view of transmission.
=650  \0$aNotation$1http://www.wikidata.org/entity/Q233861$91964
=650  \0$aSinging$1http://www.wikidata.org/entity/Q27939$92767
=942  \\$cBOO
=952  \\$00$10$2ddc$40$6GEN_2_000000000000000$70$8GEN$918031$aORPH$bORPH$cKM12_1$d2022-04-07$l1$oGEN2$p20138988$r2022-04-07 00:00:00$s2021-03-12$w2021-01-12$yBOO
=999  \\$d17980

