=LDR  01455aam a2200217   4500
=001  17981
=005  20250908102943.0
=008  111115s2002\\\\\\\\\\\\\\\\\\\\\\0\eng\d
=020  \\$a9780415281294
=041  \\$aeng
=100  \\$aOng, Walter J.$4aut$1http://www.wikidata.org/entity/Q722347$918102
=245  \\$aOrality and Literacy:$bThe Technologizing of the World
=250  \\$a2nd ed.
=260  \\$aAbingdon, Oxon$bRoutledge$c2002
=300  \\$a204 pages
=520  \\$aThis classic work explores the vast differences between oral and literate cultures offering a very clear account of the intellectual, literary and social effects of writing, print and electronic technology.

In the course of his study, Walter J. Ong offers fascinating insights into oral genres across the globe and through time, and examines the rise of abstract philosophical and scientific thinking. He considers the impact of orality-literacy studies not only on literary criticism and theory but on our very understanding of what it is to be a human being, conscious of self and other.

This is a book no reader, writer or speaker should be without.
=650  \0$aPhilosophy$1http://www.wikidata.org/entity/Q5891$92357
=650  \0$aTechnology$1http://www.wikidata.org/entity/Q11016$921633
=942  \\$cBOO
=952  \\$00$10$2ddc$40$6PHI_ONG_A$70$8PHI$918032$aORPH$bORPH$cKM12_3_2$d2009-04-02$l1$oPHI ONG a$p20139106$r2022-06-08 00:00:00$s2021-03-12$v16.23$w2009-04-02$yBOO
=999  \\$d17981

