=LDR  01565aam a2200181   4500
=001  17990
=005  20250120120014.0
=008  130821s1989\\\\\\\\\\\\\\\\\\\\\\0\e
=020  \\$a9780415267373
=041  \\$aeng
=100  \\$aFoucault, Michel$d1926-1984$4aut$1http://www.wikidata.org/entity/Q44272$915787
=245  \\$aThe order of things
=260  \\$aLondon$bRoutledge$c1989
=300  \\$a422
=520  \\$aWhen one defines "order" as a sorting of priorities, it becomes beautifully clear as to what Foucault is doing here. With virtuoso showmanship, he weaves an intensely complex history of thought. He dips into literature, art, economics and even biology in The Order of Things, possibly one of the most significant, yet most overlooked, works of the twentieth century. Eclipsed by his later work on power and discourse, nonetheless it was The Order of Things that established Foucault's reputation as an intellectual giant. Pirouetting around the outer edge of language, Foucault unsettles the surface of literary writing. In describing the limitations of our usual taxonomies, he opens the door onto a whole new system of thought, one ripe with what he calls "exotic charm". Intellectual pyrotechnics from the master of critical thinking, this book is crucial reading for those who wish to gain insight into that odd beast called Postmodernism, and a must for any fan of Foucault.
=942  \\$cBOO
=952  \\$00$10$2ddc$40$6PHI_FOUC_A$70$8PHI$918042$aORPH$bORPH$cKM12_3_2$d2021-08-09$g14.00$oPHI FOUC a$p20133421$r2021-01-12 00:00:00$w2021-01-12$yBOO
=999  \\$c17990$d17990

