=LDR  00882aam a2200205   4500
=001  17991
=005  20250120120101.0
=008  120309s1990\\\\\\\\\\\\\\\\\\\\\\0\\\\
=020  \\$a9035109597
=100  \\$4Auteur$aPrigogine, Ilya$917124
=100  \\$4Auteur$aStengers, Isabelle$916610
=100  \\$4Translator$aFranssen, Maarten$919420
=100  \\$4Translator$aMorreau, Michael$919421
=245  \\$aOrde uit chaos: De nieuwe dialoog tussen de mens en de natuur
=260  \\$aAmsterdam$bBert Bakker$c1990
=300  \\$a352
=520  \\$aDe winnaar van de Nobel-prijs voor scheikunde in 1977 geeft een nieuwe visie op de werkelijkheid die voortvloeit uit modern onderzoek op het gebied van de thermodynamica.
=942  \\$cBOO
=952  \\$00$10$2ddc$40$6PHI_PRIG_A$70$8PHI$918043$aORPH$bORPH$cKM12_3_2$d2021-08-04$oPHI PRIG a$p20133027$r2021-01-12 00:00:00$w2021-01-12$yBOO
=999  \\$c17991$d17991

