=LDR  00669aam a2200181   4500
=001  17994
=005  20250120120016.0
=008  120308s1972\\\\\\\\\\\\\\\\\\\\\\0\eng
=020  \\$a9780710072467
=041  \\$aeng
=100  \\$4aut$aRousseau, George Sebastian$1http://www.wikidata.org/entity/Q5544074$919423
=245  \\$aOrganic Form: The Life of an Idea
=260  \\$aLondon$bRoutledge & Kegan Paul$c1972
=300  \\$a108 pages
=942  \\$cBOO
=952  \\$00$10$2ddc$40$6PHI_ROUS_A$70$8PHI$918046$aORPH$bORPH$cKM12_3_2$d2021-08-06$oPHI ROUS a$p20133187$r2021-01-12 00:00:00$w2021-01-12$yBOO
=999  \\$c17994$d17994
=650  \0$aPhilosophy$1http://www.wikidata.org/entity/Q5891$92357

