=LDR  02969aam a2200301   4500
=001  18018
=005  20250121142132.0
=008  181022s1971\\\\\\\\\\\\\\\\\\\\\\0\dut
=041  \\$adut
=100  \\$aVente, Maarten Albert$d1915-1989$1http://www.wikidata.org/entity/Q1486565$919437
=245  \\$aDe orgelkunst in de Nederlanden van de 16de tot de 18de eeuw
=260  \\$aAntwerpen$bMercatorfonds$c1971
=300  \\$a341 pages
=520  \\$aIn hun historisch relaas verstaan de auteurs onder orgelkunst zowel de orgelbouw als de orgelcompositie en het orgelspel. Deze orgelkunst - als unieke combinatie van kunst (orgelmuziek) en kunstnijverheid (orgelbouw) - vormt een veelzijdig en, tot voor kort, onbekend facet van onze cultuurgeschiedenis.
De Nederlanden zijn hier gebruikt in hun ruimste culturele begrenzing: de Zeventien Provinciën van Karel V en het Prinsbisdom Luik. Noord én Zuid hebben immers op vele momenten in de evolutie van muziek en instrument de richting van deze ontwikkeling bepaald.
Reeds in de 14de eeuw kennen we de namen van Vlamingen die organist waren aan Franse vorstenhoven. Rond 1520 zou Hendrik Niehoff een wijde horizon openen voor de ontwikkeling van de orgelbouw in
Europa.
In het midden der 16de eeuw zou met en rond de Vlaming A. Willaert te Venetië de eerste typische orgelmuziek ontstaan. Omstreeks 1600 is het J.P. Sweelinck die de nieuwe orgelvormen creëert die op hun beurt het 17de-eeuwse muziekleven in Noord-Duitsland zullen beheersen.
De tekst geeft een synthese van het historisch onderzoek, de illustraties trachten een beeldroman te scheppen van de evolutie in het uiterlijk van het orgel: zij verlenen het boek bovendien een extra dimensie: door de hoge technische kwaliteit halen zij vaak de instrumenten uit hun donkere omgeving en stellen ze voor de eerste maal in het volle daglicht. Deze orgels blijken even waardige aspecten te zijn van ons cultuurbezit als de retabels, schilderijen, koorbanken en de vele andere vormen van kerkmeubilair.
=648  \0$a16th Century (1501-1600)$1http://www.wikidata.org/entity/Q7017$920944
=648  \0$a17th Century (1601-1700)$1http://www.wikidata.org/entity/Q7016$920923
=648  \0$a18th Century (1701-1800)$1http://www.wikidata.org/entity/Q7015$920899
=650  \0$aOrgan$1http://www.wikidata.org/entity/Q1444$92810
=651  \0$aFlanders (Belgium)$1http://www.wikidata.org/entity/Q234$989
=651  \0$aNetherlands$1http://www.wikidata.org/entity/Q55$9173
=700  \\$4aut$aPeeters, Flor$d1903-1986$1http://www.wikidata.org/entity/Q715137$917486
=700  \\$4aut$aVente, Maarten Albert$d1915-1989$1http://www.wikidata.org/entity/Q1486565$919437
=700  \\$4aut$aPeeters, G.$923097
=700  \\$4aut$aPotvlieghe, Ghislain$d-1936$913351
=700  \\$4aut$aVisser, P.$915314
=942  \\$cBOO
=952  \\$00$10$2ddc$40$6INS_3_000000000000000_1D_BE$70$8INS$918070$aORPH$bORPH$cKTS0$d2021-11-26$oINS3.1d BE$p20117761$r2021-01-12 00:00:00$w2021-01-12$yBOO
=999  \\$d18018

