=LDR  01020aam a2200229   4500
=001  18022
=005  20250821124556.0
=008  180904s1968\\\\gw\\\\\\\\\\\\\\\\0\ger
=041  \\$ager
=100  \\$4aut$aKinkeldey, Otto$d1878-1966$1http://www.wikidata.org/entity/Q3887291$917501
=245  \\$aOrgel und Klavier in der Musik des 16. Jahrhunderts.$bEin Beitrag zur Geschichte der Instrumentalmuzik
=260  \\$aWiesbaden$bBreitkopf & Härtel$c1968 (1910)
=300  \\$a321 pages
=336  \\$aprinted
=648  \0$a16th Century (1501-1600)$1http://www.wikidata.org/entity/Q7017$920944
=650  \0$aOrgan$1http://www.wikidata.org/entity/Q1444$92810
=650  \0$aPiano$1http://www.wikidata.org/entity/Q5994$92127
=650  \0$aHarpsichord$1http://www.wikidata.org/entity/Q81982$92125
=650  \0$aKeyboard instrument$1http://www.wikidata.org/entity/Q52954$92849
=942  \\$cBOO
=952  \\$00$10$2ddc$40$6INS_3A$70$8INS$918074$aORPH$bORPH$cKTS0$d2021-10-26$oINS3a$p20130182$r2021-01-12 00:00:00$w2021-01-12$yBOO
=999  \\$d18022

