=LDR  00950aam a2200193   4500
=001  18023
=008  201116s1978\\\\nl\fe\\\\\\\\\\\\\0\dut\d
=041  \\$adut
=100  \\$aWerf, dr. J. van der$4aut$919443
=245  \\$aHet orgel van de Jacobikerk te Utrecht
=260  \\$aUtrecht$bVan Rossum
=610  \0$aJacobikerk (Utrecht, Netherlands)$925525
=650  \0$aOrganology$1http://www.wikidata.org/entity/Q899293$921400
=650  \0$aOrgan$1http://www.wikidata.org/entity/Q1444$92810
=651  \0$aUtrecht (Netherlands)$1http://www.wikidata.org/entity/Q803$9141
=942  \\$cBOO
=952  \\$00$10$2ddc$40$6INS_3_000000000000000_1E_NL_UTR$70$8INS$918075$aORPH$bORPH$cKTS0$d2020-07-08$eKoopman$i28E25 XXXXIII$l0$oINS3.1e NL.UTR$p20130450$r2021-01-12 00:00:00$w2021-01-12$yBOO
=952  \\$00$10$2ddc$40$6INS_3_000000000000000_1A_NL$70$8INS$922157$aORPH$bORPH$cKTS0$d2022-10-17$eKoopman$l0$oINS3.1a NL$p20126627f$r2021-01-12 00:00:00$w2021-01-12$yBOO
=999  \\$d18023

