=LDR  00935aam a2200205   4500
=001  18039
=005  20250120120119.0
=008  150917s1912\\\\\\\\\\\\\\\\\\\\\\0\fre
=041  \\$afre
=100  \\$aVan den Borren, Charles$d1874-1966$4aut$1http://www.wikidata.org/entity/Q1066297$917675
=245  \\$aLes origines de la musique de clavier en Angleterre
=260  \\$aBrussels$bLibrairie des deux mondes$c1912
=300  \\$a255 pages
=648  \0$aRenaissance (1400-1600)$1http://www.wikidata.org/entity/Q4692$920965
=650  \0$aKeyboard music$1http://www.wikidata.org/entity/Q105715630$921412
=650  \0$aMusic history$1http://www.wikidata.org/entity/Q846047$921373
=651  \0$aUnited Kingdom$1http://www.wikidata.org/entity/Q21$9273
=942  \\$cBOO
=952  \\$00$10$2ddc$40$6KTS_1_000000000000000_H_08_027$70$8RAR$918092$aORPH$bORPH$cKTS1_H$d2021-08-18$oKTS1 H.08.027$p20144148$r2021-01-12 00:00:00$w2021-01-12$yBOO
=999  \\$c18039$d18039

