=LDR  01809aam a2200277   4500
=001  18042
=005  20250120120245.0
=008  150331s1998\\\\\\\\\\\\\\\\\\\\\\0\eng
=020  \\$a9781859848999
=041  \\$aeng$hger
=100  \\$aBenjamin, Walter$d1892-1940$4aut$1http://www.wikidata.org/entity/Q61078$918744
=245  \\$aThe Origin of German Tragic Drama
=250  \\$a2nd ed.
=260  \\$aLondon$bVerso$c1998
=300  \\$a256 pages
=520  \\$aThe Origin of German Tragic Drama is Walter Benjamins most sustained and original work. It begins with a general theoretical introduction on the nature of the baroque art of the sixteenth and seventeenth centuries, concentrating on the peculiar stage-form of royal martyr dramas called Trauerspiel. Benjamin also comments on the engravings of Dürer and the theatre of Calderon and Shakespeare. Baroque tragedy, he argues, was distinguished from classical tragedy by its shift from myth into history. Georg Lukacs, an opponent of Benjamins aesthetics, singled out The Origin of German Tragic Drama as one of the main sources of literary modernism in the twentieth century.
=534  \\$cBerlin: Rowohlt, 1928
=648  \0$a16th Century (1501-1600)$1http://www.wikidata.org/entity/Q7017$920944
=648  \0$a17th Century (1601-1700)$1http://www.wikidata.org/entity/Q7016$920923
=650  \0$aTheater history$1http://www.wikidata.org/entity/Q1061140$94607
=650  \0$aBaroque$1http://www.wikidata.org/entity/Q37853$921255
=651  \0$aGermany$1http://www.wikidata.org/entity/Q183$9155
=765  \\$aUrsprung des deutschen Trauerspiels
=942  \\$cBOO
=952  \\$00$10$2ddc$40$6TOP_DE_5_000000000000000$70$8TOP$918094$aORPH$bORPH$cKTS0$d2022-09-05$g26.00$l1$oTOP DE 5$p20139961$r2022-12-23 00:00:00$s2022-12-07$w2021-01-12$yBOO$Vamazon.de
=999  \\$d18042

