=LDR  01941aam a2200205   4500
=001  18049
=005  20250109133512.0
=008  150911s2014\\\\\\\\\\\\\\\\\\\\\\0\ger
=020  \\$a9783856166533
=041  \\$ager
=100  \\$aLangkilde, Kirsten Merete$4edt$919465
=245  \\$aOrtszeit
=260  \\$aBasel$bMerian$c2014
=300  \\$a360 pages
=520  \\$aDie Hochschule für Gestaltung und Kunst FHNW bisher verteilt auf sieben Standorte in der Nordwestschweiz  zieht 2014 auf den Campus Dreispitz Basel-Münchenstein. In 'Ortszeit' stehen die Möglichkeiten dieses Campus der Künste, die Rolle der Hochschule für Gestaltung und Kunst auf dem Dreispitz und die vielfachen Synergien dieser neuen Konstellation für die Hochschule, ihre Mitarbeitenden, Studierenden und Partner im
Vordergrund. Vereint sind Beiträge aus den Instituten und von den umliegenden Partnern sowie Gastbeiträge zum Themenkomplex multiperspektivischer Gestaltungen von kollaborativen Praktiken in Kunst, Medien, Design und Wissenschaft.

Verschiedene Beiträge stellen aktuelle Modelle und Beispiele von Interdisziplinarität vor, die zur Veränderung und Weiterentwicklung ästhetischer Praktiken führen.

Mit Beiträgen von Werner Baumhakl, Theodore Davis Claude Enderle, Marion Fink, Melanie Franke, Liam Gillick, Ines Goldbach, Kathrin Grossembacher, Sabine Himmelsbach, Katrin Kruse, Kirsten M. Langkilde, Claudia Mareis, Shintaro Miyazaki, Susanne Neubauer, Raqs Media Collective, Michael Renner, Christof Schelbert, Bernd M. Scherer, Suresh Surenthiran, Nicolaj van der Meulen, Beat von Wartburg, Jörg Wiesel u.a.
=650  \0$aMusic education$1http://www.wikidata.org/entity/Q27908$921766
=651  \0$aBasel (Switzerland)$1http://www.wikidata.org/entity/Q78$921311
=942  \\$cBOO
=952  \\$00$10$2ddc$40$6MTP_4_000000000000000_LANG$70$8MTP$918101$aORPH$bORPH$cKM12_1$d2022-10-10$l0$oMTP4 LANG$p20135476$r2021-01-12 00:00:00$w2021-01-12$yBOO
=999  \\$d18049

