=LDR  00655aam a2200181   4500
=001  18052
=005  20250321132918.0
=008  120712s1993\\\\\\\\\\\\\\\\\\\\\\0\dut\d
=020  \\$a9789035112575
=041  \\$adut$heng
=100  \\$4aut$aShakespeare, William$d1564-1616$1http://www.wikidata.org/entity/Q692$97043
=245  \\$aOthello
=260  \\$aAmsterdam$bBert Bakker$c1993
=300  \\$a133 pages
=700  \\$aKomrij, Gerrit$1http://www.wikidata.org/entity/Q202489$4trl$919467
=942  \\$cBOO
=952  \\$00$10$2ddc$40$6LIT_SHAK_A$70$8LIT$918104$aORPH$bORPH$cKM12_2_H$d2021-08-19$g650.00$oLIT SHAK a$p20134030$r2021-01-12 00:00:00$w2021-01-12$yBOO
=999  \\$d18052

