=LDR  01078aam a2200217   4500
=001  18053
=005  20250120120901.0
=008  120921s1990\\\\\\\\\\\\\\\\\\\\\\0\eng
=020  \\$a9780415049276
=041  \\$aeng
=100  \\$aFiumara, Gemma Corradi$4aut$918671
=245  \\$aThe Other Side of Language:$bA Philosophy of Listening
=260  \\$aLondon$bRoutledge$c1990
=300  \\$a235 pages
=520  \\$aWe are inhabitants of a culture that knows how to speak but not how to listen. Against a tradition that has endorsed the power of discourse, where warring monologues are mistaken for genuine dialogue, Gemma Corradi Fiumara examines and reveals the other side of language - listening.
=650  \0$aPhilosophy$1http://www.wikidata.org/entity/Q5891$92357
=650  \0$aLinguistics$1http://www.wikidata.org/entity/Q8162$93902
=650  \0$aListening$1http://www.wikidata.org/entity/Q6646450$925432
=942  \\$cBOO
=952  \\$00$10$2ddc$40$6PHI_FIUM_A$70$8PHI$918105$aORPH$bORPH$cKM12_3_2$d2021-08-09$g27.00$oPHI FIUM a$p20133275$r2021-01-12 00:00:00$w2021-01-12$yBOO
=999  \\$d18053

