=LDR  01437aam a2200265   4500
=001  18058
=005  20250120120530.0
=008  140926s1903\\\\\\\g\\\\\\\\\\\\\\p\dut
=041  \\$adut
=100  \\$aVan Duyse, Florimond$d1843-1910$4aut$1http://www.wikidata.org/entity/Q3035890$98084
=245  \\$aHet oude Nederlandse lied: $bwereldlijke en geestelijke liederen uit vroegeren tijd. Teksten en melodieën
=260  \\$aAntwerpen$bMartinus Nijhof$c1903
=300  \\$a3 vols. (2747+896+93 pages)
=590  \\$aVerzameld en toegelicht door Fl. Van Duyse
=650  \0$aSong$1http://www.wikidata.org/entity/Q7366$94164
=650  \0$aReligion$1http://www.wikidata.org/entity/Q9174$93062
=650  \0$aProfane$1http://www.wikidata.org/entity/Q3922543$923048
=651  \0$aFlanders (Belgium)$1http://www.wikidata.org/entity/Q234$989
=651  \0$aNetherlands$1http://www.wikidata.org/entity/Q55$9173
=942  \\$cBOO
=952  \\$00$10$2ddc$3Registers$40$70$8RAR$918108$aORPH$bORPH$cKTS1_H$d2021-12-07$p20115371$r2021-01-12 00:00:00$w2021-01-12$yBOO
=952  \\$00$10$40$70$8COLL_UNK$918109$aORPH$bORPH$cLOC_UNK$l0$p20115372$r2021-01-12 00:00:00$w2021-01-12$yBOO
=952  \\$00$10$2ddc$3Eerste deel$40$70$8RAR$918110$aORPH$bORPH$cKTS1_H$d2021-12-07$p20116581$r2021-01-12 00:00:00$w2021-01-12$yBOO
=952  \\$00$10$2ddc$3Tweede deel$40$70$8RAR$918111$aORPH$bORPH$cKTS1_H$d2021-12-07$p20116337$r2021-01-12 00:00:00$w2021-01-12$yBOO
=999  \\$d18058

