=LDR  00717aam a2200181   4500
=001  18077
=005  20251009081721.0
=008  130919s1993\\\\\\\\\\\\\\\\\\\\\\0\n
=020  \\$a9789028918290
=041  \\$adut
=100  \\$4edt$aDe Wachter, Frans$919487
=245  \\$aOver nut en nadeel van het postmodernisme voor het leven
=260  \\$aKapellen$bPelckmans$c1993
=300  \\$a211
=520  \\$aBundel cultuurfilosofische essays, waarin 11 Vlaamse wetenschappers voor verschillende levenssferen de balans opmaken van het postmodernisme.
=942  \\$cBOO
=952  \\$00$10$2ddc$40$6PHI_DEWA_A$70$8PHI$918129$aORPH$bORPH$cKM12_3_2$d2021-08-03$g13.00$oPHI DEWA a$p20132940$r2021-01-12 00:00:00$w2021-01-12$yBOO
=999  \\$c18077$d18077

