=LDR  00721aam a2200181   4500
=001  18078
=005  20250120120102.0
=008  120411s1978\\\\\\\\\\\\\\\\\\\\\\0\\\\
=020  \\$a9789053527849
=100  \\$4Auteur$aKant, Immanuel$d1724-1804$1http://www.wikidata.org/entity/Q9312$917146
=100  \\$4Translator$aRondas, Jean-Pierre$919488
=245  \\$aOver schoonheid: Ontledingsleer van het schone
=260  \\$aAmsterdam$bBoom$c1978
=300  \\$a100
=520  \\$aEerste deel van de "Kritik der Urteilskraft" van de Duitse wijsgeer (1724-1804).
=942  \\$cBOO
=952  \\$00$10$2ddc$40$6PHI_KANT_A$70$8PHI$918130$aORPH$bORPH$cKM12_3_2$d2021-08-02$oPHI KANT a$p20132802$r2021-01-12 00:00:00$w2021-01-12$yBOO
=999  \\$c18078$d18078

