=LDR  00690aam a2200205   4500
=001  18087
=005  20250120115941.0
=008  120328r19951938\\\\\\\\\\\\\\\\\\0\eng
=020  \\$a9780193113060
=041  \\$aeng
=245  \\$aThe Oxford Companion to Music
=250  \\$a21st ed.
=260  \\$aOxford$bOxford University Press$c1995
=300  \\$a1185 pages
=534  \\$aOriginally published in 1938
=700  \\$4edt$aScholes, Percy A.$d1877-1958$1http://www.wikidata.org/entity/Q7167563$913927
=700  \\$4edt$aWard, John Owen$d1919-2000$919493
=942  \\$cBOO
=952  \\$00$10$2ddc$40$70$8REF$918139$aORPH$bORPH$cKM12_1$d2021-08-31$p20134065$r2021-01-12 00:00:00$w2021-01-12$yBOO
=999  \\$d18087

