=LDR  00605aam a2200193   4500
=001  18089
=005  20250109133530.0
=008  130827s2006\\\\\\\\\\\\\\\\\\\0\\0\eng
=020  \\$a9780198610571
=041  \\$aeng
=245  \\$aOxford dictionnary of English
=250  \\$a2
=260  \\$aOxford$bOxford university press$c2006
=300  \\$a2088 pages
=700  \\$4edt$aSoanes, Catherine$922106
=700  \\$4edt$aStevenson, Agnus$922107
=942  \\$cBOO
=952  \\$00$10$2ddc$40$6REF_1_000000000000000$70$8REF$918141$aORPH$bORPH$cKM12_1$d2021-08-30$oREF1$p20131232$r2021-01-12 00:00:00$w2021-01-12$yBOO
=999  \\$d18089

