=LDR  01744aam a2200217   4500
=001  18091
=005  20250505124729.0
=008  120215s2009\\\\\\\\\\\\\\\\\\\\\\0\eng\d
=020  \\$a978019530980
=041  \\$aeng
=245  \\$aOxford Handbook of Human Action
=260  \\$aOxford$bOxford University Press$c2009
=300  \\$a648 pages
=520  \\$aIn the last decade, there has been a tremendous surge of research on the mechanisms of human action. This volume brings together this new knowledge in a single, concise source, covering most if not all of the basic questions regarding human action: What are the mechanisms by which action plans are acquired (learned), mentally represented, activated, selected, and expressed? The chapters provide up-to-date summaries of the published research on this question, with an emphasis on underlying mechanisms.

This 'bible' of action research brings together the current thinking of eminent researchers in the domains of motor control, behavioral and cognitive neuroscience, psycholinguistics, biology, as well as cognitive, developmental, social, and motivational psychology. It represents a determined multidisciplinary effort, spanning across various areas of science as well as national boundaries.
=650  \0$aHumanities$1http://www.wikidata.org/entity/Q80083$94454
=700  \\$aMorsella, Ezequiel$1http://www.wikidata.org/entity/Q59690547$4edt$919497
=700  \\$aBargh, John A.$1http://www.wikidata.org/entity/Q1699046$4edt$919498
=700  \\$aGollwitzer, Peter M.$1http://www.wikidata.org/entity/Q106159$4edt$919499
=942  \\$cBOO
=952  \\$00$10$2ddc$40$6PHI_MORS_A$70$8PHI$918143$aORPH$bORPH$cKM12_3_2$d2021-08-06$oPHI MORS a$p20133164$r2021-01-12 00:00:00$w2021-01-12$yBOO
=999  \\$d18091

