=LDR  02532aam a2200217   4500
=001  18098
=005  20250120120047.0
=008  160822s2014\\\\\\\ag\\\\\\\\\\\\\0\eng\d
=020  \\$a9780199841578
=041  \\$aeng
=100  \\$4edt$aMirka, Danuta$1http://www.wikidata.org/entity/Q63348905$916562
=245  \\$aThe Oxford Handbook of Topic Theory
=260  \\$aOxford$bOxford University Press$c2014
=300  \\$a683 pages
=520  \\$aThe concept of topics was introduced into the vocabulary of music scholars by Leonard Ratner to account for cross-references between eighteenth-century styles and genres. The emergence of this phenomenon followed the rapid proliferation and consolidation of stylistic and generic categories. While music theorists and critics classified styles and genres, defining their affects and proper contexts for their usage, composers crossed the boundaries between them, using stylistic conventions as means of communication with the audience. Such topical use of styles and genres out of their proper contexts and their mixtures with other styles and genres became the hallmark of South-German instrumental music, which engulfed the so-called Viennese Classicism. Since this music did not develop its own aesthetics and, in its days, received no adequate critical appraisal, topic theory developed from Ratners seminal insight by Wye J. Allanbrook, Kofi Agawu, Robert Hatten, Raymond Monelle, and others can be considered a theory of this music, and The Oxford Handbook of Topic Theory goes some way toward reconstructing its aesthetic underpinnings. The volume grounds the concept of topics in eighteenth-century music theory, aesthetics, and criticism; documents historical reality of individual topics on the basis of eighteenth-century sources, traces the origins of topical mixtures to transformations of eighteenth-century musical life, and relates topical analysis to other kinds of music analysis conducted from the perspectives of composers, performers, and listeners. It lays the foundation under further investigation of musical topics in the nineteenth, twentieth, and twenty-first centuries.
=650  \0$aToucher$1http://www.wikidata.org/entity/Q328835$922194
=650  \0$aMusic history$1http://www.wikidata.org/entity/Q846047$921373
=650  \0$aMusical analysis$1http://www.wikidata.org/entity/Q1544924$92775
=942  \\$cBOO
=952  \\$00$10$2ddc$40$6GHM_5_000000000000000$70$8GHM$918150$aORPH$bORPH$cKM12_1$d2022-09-06$l0$oGHM5$p20139441$r2021-01-12 00:00:00$w2021-01-12$yBOO
=999  \\$d18098

