=LDR  01579aam a2200193   4500
=001  18106
=005  20250109133039.0
=008  190708s2002\\\\\\\\\\\\\\\\\\\\\\0\e
=020  \\$a9780521807371
=041  \\$aeng
=100  \\$aGarratt, James$4aut$919520
=245  \\$aPalestrina and the German romantic imagination: interpreting historicism in nineteenth-century music
=260  \\$aCambridge$bCambridge University Press$c2002
=300  \\$a318
=520  \\$aFocusing on the reception of Palestrina, this bold interdisciplinary study explains how and why the works of a sixteenth-century composer came to be viewed as a paradigm for modern church music. It explores the diverse ways in which later composers responded to his works and style, and expounds a provocative model for interpreting compositional historicism. In addition to presenting insights into the works of Bruckner, Mendelssohn and Liszt, the book offers fresh perspectives on the institutional, aesthetic and ideological frameworks sustaining the cultivation of choral music in this period. This publication provides an overview and analysis of the relation between the Palestrina revival and nineteenth-century composition and it demonstrates that the Palestrina revival was just as significant for nineteenth-century culture as parallel movements in the other arts, such as the Gothic revival.
=490  \\$aMusical performance and reception
=942  \\$cBOO
=952  \\$00$10$2ddc$40$6BIO_PALE_E$70$8BIO$918158$aORPH$bORPH$cKTS1_P$d2021-10-19$oBIO PALE e$p20129860$r2021-01-12 00:00:00$w2021-01-12$yBOO
=999  \\$c18106$d18106

