=LDR  01889aam a2200193   4500
=001  18108
=005  20250120120012.0
=008  161219s1982\\\\\\\\\\\\\\\\\\\\\\0\d
=020  \\$a3873205661
=041  \\$ager
=100  \\$aFellerer, Karl Gustav$d1902-1984$4aut$1http://www.wikidata.org/entity/Q102481$910833
=245  \\$aPalestrina-Studien : Mit 265 Notenbeispielen und Tabellen
=260  \\$aBaden-Baden$bVerlag Valentin Koerner$c1982
=300  \\$a385
=520  \\$aGiovanni Pierluigi Palestrina gilt als der Retter der Figuralmusik auf dem Konzil von Trient. Sein Werk ist nicht nur von musikalischer Bedeutung, es ist gleichzeitig das Vehikel einer neuen Ausdrucksart kirchlichen Denkens, das sich auf dem Konzil von Trient Bahn brach. Der klassischen Vokalpolyphonie, nach der Gregorianik das Zentrum des kirchenmusikalischen Geschehens im Abendland, verschrieb sich der ausgewiesene Kirchenmusik-Spezialist Karl Gustav Fellerer, dessen Studien über Palestrina in diesem Band überarbeitet und in systematischen Betrachtung zusammengefasst und gewißermassen als Summa Palestrinensis herausgegeben sind. Der Band handelt ausführlich über Palestrina und die Kirchenmusik überhaupt, über Palestrinastil und alstklassische Polyphonie, erläutert die stilistischen Grundlagen des Palestrinastils in Detaildarstellungen, beschäftigt sich mit Messen und Motetten im Detail, demonstriert die legendäre Missa Papae Marcelli ausführlich, nimmt zu Palestrinas Deklamationsrhythmik Stellung und spricht über die Nachwirkung des Meisters aus Praeneste im 17. und 18. Jahrhundert.

Mit 265 Notenbeispielen und Tabellen, sowie mit Personen- und Werkregister.
=490  \\$aSammlung musikwissenschaftlicher Abhandlungen
=942  \\$cBOO
=952  \\$00$10$2ddc$40$6BIO_PALE_F$70$8BIO$918160$aORPH$bORPH$cKTS1_P$d2021-10-19$oBIO PALE f$p20129869$r2021-01-12 00:00:00$w2021-01-12$yBOO
=999  \\$c18108$d18108

