=LDR  02613aam a2200301   4500
=001  18112
=005  20250121142132.0
=008  191025r\\\\1883\\\\\\\\\\\\\\\\\\0\eng\d
=020  \\$a9781313503785
=041  \\$aeng$hfre
=100  \\$4aut$aDiderot, Denis$d1713-1784$1http://www.wikidata.org/entity/Q448$914909
=245  \\$aThe Paradox of Acting
=260  \\$aMiami, FL$bHardpress$cs.d.
=300  \\$a108 pages
=490  \\$aClassics series
=500  \\$aFacsimile reprint
=520  \\$aDenis Diderot, The Paradox of the actor Diderots thesis is that a great actor must not be sensitive; or, in other words, that he must not feel the emotions he expresses. "Extreme sensitiveness makes poor actors ; while absolute lack of sensitiveness is a quality of the highest acting." He sustains this view by six arguments, viz.: we can not repeat emotion at will, but the power is soon exhausted; the age when the comedian is at his greatest is not youth, when he is quick and full of emotion, but after he has had a long experience, when the ardor of his passions has subsided and his head is calm and his spirit self-possessed; certain facts going to show that the performer's real feelings are different from those which he is expressing on the stage; and, finally, his best argument, and the one on which his thesis mainly rests, that one can not do two things at a time. The actor has to be observant of his playing, to regulate its effects, his gestures, and his exclamations, to see that they are correct, to keep his mind on the scene, to recollect his part. All this critical work is incompatible with sincere emotion. When a person is really moved, when he feels some great woe, while he may indeed sink upon a chair as the actor does in the scene, he does not keep watch of his attitude while falling or think how to make it expressive and harmonious, but gives himself wholly up to his trouble. Alfred Binet, The Paradox of Diderot.
=534  \\$aWritten 1769, revised 1773-77, published posthumously in 1830
=648  \0$a18th Century (1701-1800)$1http://www.wikidata.org/entity/Q7015$920899
=650  \0$aActing$1http://www.wikidata.org/entity/Q222749$92807
=650  \0$aTheater criticism$1http://www.wikidata.org/entity/Q2416230$921632
=651  \0$aFrance$1http://www.wikidata.org/entity/Q142$9131
=700  \\$aPollock, Walter Herries$4trl$925906$dfl. 1883
=700  \\$4win
=765  \\$aParadoxe sur le comédien
=942  \\$cBOO
=952  \\$00$10$2ddc$40$6LIT_DIDE_A$70$8LIT$918164$aORPH$bORPH$cKM12_2_H$d2013-04-17$g12.13$oLIT DIDE a$p20133097$r2021-01-12 00:00:00$w2021-01-12$yBOO
=999  \\$d18112

