=LDR  01144aam a2200193   4500
=001  18114
=005  20250120120044.0
=008  140619s2007\\\\\\\\\\\\\\\\\\\\\\0\fre
=020  \\$a9780816648818
=041  \\$afre
=100  \\$4aut$aSerres, Michel$d1930-2019$1http://www.wikidata.org/entity/Q364456$916516
=245  \\$aThe Parasite
=260  \\$aMinnesota$bUniversity of Minnesota Press$c2007
=300  \\$a255 pages
=520  \\$aInfluential philosopher Michel Serress foundational work uses fable to explore how human relations are identical to that of the parasite to the host body. Among Serress arguments is that by being pests, minor groups can become major players in public dialoguecreating diversity and complexity vital to human life and thought.

Michel Serres is professor in history of science at the Sorbonne, professor of Romance languages at Stanford University, and author of several books, including Genesis.
=700  \\$4edt$aWolfe, Cary$919525
=942  \\$cBOO
=952  \\$00$10$2ddc$40$6PHI_SERR_A$70$8PHI$918166$aORPH$bORPH$cKM12_3_2$d2021-08-18$g13.00$oPHI SERR a$p20133946$r2021-01-12 00:00:00$w2021-01-12$yBOO
=999  \\$c18114$d18114

