=LDR  02603aam a2200229   4500
=001  18115
=005  20250925143305.0
=008  170117s1987\\\\\\\\\\\\\\\\\\\\\\0\eng
=020  \\$a080761176X
=041  \\$aeng
=100  \\$aBrody, Elaine$4aut$919526
=245  \\$aParis:$bThe Musical Kaleidoscope 1870-1925
=260  \\$aNew York$bBraziller$c1987
=300  \\$a359 pages
=520  \\$aIn our day when serious new music has often found its audience only among specially prepared little groups of avant-garde enthusiasts, it is worthwhile to be reminded how different things were a century ago. In 19th-Century Italy strong nationalist passions were aroused by the very name of Verdi (its letters standing in cipher for Victor Emmanuel re d'Italia-- Victor Emmanuel king of Italy), and Wagner imagined audiences for his operas modeled on the presence of whole urban populations in the Greek theater. (Even though people complained then as now that his works were overlong and boring, the passion he inspired did recall his ancient ideals.)

Nowhere was music's powerful everyday presence more marked than in Paris, where the new opera house occupied as important a place in social and cultural life as it did in the city's geography, where modernist ballet drew all the arts into partnership around a musical center, and where Symbolist poets and painters during the fin de siecle took music as the exemplary art.

Elaine Brody, a professor of music at New York University, has undertaken to bring this period in French musical history to life in her new book. She ranges over a richly varied scene, moving from the legacy to Berlioz to the influence of Wagner, the fascination for exotic and oriental themes, the place of music in the series of Great Expositions that were so characteristic of the "century of progress," and the proliferation of new musical locales. There are separate treatments of Spaniards, Russians and Americans in Paris and program notes for outstanding composers and works of the era. Readers will find much fascinating detail, presented in a clear and often lively style.
=648  \0$a19th Century (1801-1900)$1http://www.wikidata.org/entity/Q6955$920935
=648  \0$a20th Century (1901-2000)$1http://www.wikidata.org/entity/Q6927$920936
=650  \0$aMusic history$1http://www.wikidata.org/entity/Q846047$921373
=651  \0$aParis (France)$1http://www.wikidata.org/entity/Q90$9160
=942  \\$cBOO
=952  \\$00$10$2ddc$40$6TOP_FR_PAR_6_000000000000000$70$8TOP$918167$aORPH$bORPH$cKTS0$d2021-11-23$g20.00$oTOP FR.PAR 6$p20130695$r2021-01-12 00:00:00$w2021-01-12$yBOO
=999  \\$d18115

