=LDR  00979aam a2200217   4500
=001  18119
=005  20250120120416.0
=008  180917s1913\\\\\\\\\\\\\\\\\\\\\\0\fre
=041  \\$afre
=100  \\$aKnosp, Gaston$4aut$919528
=245  \\$aParsifal, drame sacré de Richard Wagner :$bguide analytique et thématique
=260  \\$aBrussels$bSchott$aParis$bFischbacher$c1913
=300  \\$a50 pages
=600  \0$aWagner, Richard$d1813-1883$1http://www.wikidata.org/entity/Q1511$97120
=648  \0$a19th Century (1801-1900)$1http://www.wikidata.org/entity/Q6955$920935
=650  \0$aOpera$1http://www.wikidata.org/entity/Q1344$92468
=651  \0$aGermany$1http://www.wikidata.org/entity/Q183$9155
=700  \\$4dte$aLe Bœuf, Henri$d1874-1935$1http://www.wikidata.org/entity/Q3132903$921721
=942  \\$cBOO
=952  \\$00$10$2ddc$40$6KTS_1_000000000000000_C3_15_16$70$8RAR$918171$aORPH$bORPH$cKTS1_C3$d2021-09-08$oKTS1 C3.15 (16)$p20136412$r2021-01-12 00:00:00$w2021-01-12$yBOO
=999  \\$d18119

