=LDR  00422aam a2200133   4500
=001  18120
=005  20251009081430.0
=008  130524s\\\\\\\\\\\\\\\\\\\\\\\\\\0\\\\
=100  \\$4cmp$aTenney, James$d1934-2006$916696
=245  \\$aPart for instruments in Bb
=773  \\$w250198$9Instruments in C
=942  \\$cSCO
=952  \\$00$10$40$70$8SCO$918172$aORPH$bORPH$cKTS1_P$d2021-01-12$l0$r2021-01-12 00:00:00$w2021-01-12$ySCO
=999  \\$c18120$d18120

