=LDR  01045aam a2200193   4500
=001  18124
=005  20250120120016.0
=008  150910s2004\\\\\\\\\\\\\\\\\\\\\\0\eng
=020  \\$a0759107599
=041  \\$aeng
=100  \\$aStrathern, Marilyn$4aut$919529
=245  \\$aPartial Connections
=260  \\$aOxford$bAltamira$c2004
=300  \\$a153 pages
=520  \\$aAvailable with a new Preface, Marilyn Strathern's seminal book challenges the routine ways in which anthropologists have thought about the complexity and quantity of their materials, focusing on a problem normally thought of as commonplace; that of scale and proportion. Revealing unexpected replications in modes of thought and in the presentation of ambiguous images, Strathern has fashioned a unique contribution to the anthropological corpus.
=650  \0$1http://www.wikidata.org/entity/Q5891$aPhilosophy$92357
=942  \\$cBOO
=952  \\$00$10$2ddc$40$6PHI_STRA_A$70$8PHI$918176$aORPH$bORPH$cKM12_3_2$d2021-08-03$oPHI STRA a$p20132882$r2021-01-12 00:00:00$w2021-01-12$yBOO
=999  \\$d18124

