=LDR  00578aam a2200157   4500
=001  18125
=005  20240121204043.0
=008  130919s2010\\\\\\\\\\\\\\\\\\\\\\0\eng
=041  \\$aeng
=100  \\$aPolifonia Working Group$4aut$919950
=245  \\$aParticipants reader WG meeting Vilnius 18-20 June 2010.$bErasmus Network of Music 'Polifonia'
=260  \\$aVilnius$bPolifonia$c2010
=300  \\$a441 pages
=942  \\$cBOO
=952  \\$00$10$2ddc$40$6REF_3_000000000000000_POLI$70$8REF$918177$aORPH$bORPH$cKM12_1$d2021-08-26$oREF3 POLI$p20131241$r2021-01-12 00:00:00$w2021-01-12$yBOO
=999  \\$d18125

