=LDR  00501aam a2200169   4500
=001  18126
=005  20230123104916.0
=008  130423s2006\\\\\\\\\\\\\\\\\\\\\\0\n
=020  \\$a9076593035
=041  \\$adut
=100  \\$aDe Wilde, Johan$4aut$919531
=245  \\$aParticles
=260  \\$aGhent$bCroxhapox$c2006
=300  \\$a70 p.
=942  \\$cBOO$2ddc
=952  \\$00$10$2ddc$40$6VIS_DEWI$70$8VIS$918178$aORPH$bORPH$cKTS1_H$d2022-09-20$l0$oVIS DEWI$p20126044$r2021-01-12 00:00:00$w2021-01-12$yBOO
=999  \\$c18126$d18126

