=LDR  00493aam a2200157   4500
=001  18130
=005  20230123104917.0
=008  130116s1954\\\\\\\\\\\\\\\\\\\\\\0\d
=041  \\$ager
=100  \\$aSchneider, Reinhold$4aut$919536
=245  \\$aPascal
=260  \\$aFrankfurt$bFischer Bücherei$c1954
=300  \\$a269
=942  \\$cBOO
=952  \\$00$10$2ddc$40$6PHI_PASB_B_SCHN$70$8PHI$918182$aORPH$bORPH$cKM12_3_2$d2021-08-17$oPHI PASB b SCHN$p20133882$r2021-01-12 00:00:00$w2021-01-12$yBOO
=999  \\$c18130$d18130

