=LDR  01456aam a2200181   4500
=001  18132
=005  20250109133040.0
=008  190514s2004\\\\\\\\\\\\\\\\\\\\\\0\f
=020  \\$a9782711616756
=041  \\$afre
=100  \\$aBouchilloux, Hélène$4aut$919538
=245  \\$aPascal: la force de la raison
=260  \\$aParis$bLibrairie philosophique J. Vrin$c2004
=300  \\$a240
=520  \\$aAbordant loeuvre de Pascal sous son triple aspect épistémologique, apologétique et théologique, cet ouvrage dintroduction permet dapprécier la véritable portée des Pensées, trop souvent réduites à une apologie de la religion chrétienne. Sil rejette la philosophie cartésienne pour inviter la philosophie à souvrir au christianisme et ériger la théologie en science universelle, Pascal nen demeure pas moins un ardent témoin de la raison. Plus encore que lincrédulité des athées, la philosophie de Descartes est signe de la présomption humaine : seul labaissement dun coeur contrit hausse paradoxalement la raison à son usage intégral, la sagesse ne se conquérant que dans la folie de la croix. Il sagit bien de reconnaître un Dieu et une vérité, mais accessibles seulement aux humbles qui confessent ne les connaître quà travers lobscurité des figures.
=942  \\$cBOO
=952  \\$00$10$2ddc$40$6PHI_PASC_B_BOUC$70$8PHI$918184$aORPH$bORPH$cKM12_3_2$d2021-08-17$oPHI PASC b BOUC$p20133875$r2021-01-12 00:00:00$w2021-01-12$yBOO
=999  \\$c18132$d18132

