=LDR  02736aam a2200217   4500
=001  18135
=005  20250910112850.0
=008  120203s1997\\\\\\\\\\\\\\\\\\\\\\0deng\d
=020  \\$a9780815781783
=041  \\$aeng
=100  \\$aStokes, Donald E.$4aut$919540
=245  \\$aPasteur's Quadrant: $bBasic Science and Technological Innovation
=260  \\$aWashington, DC$bBrookings Institution Press$c1997
=300  \\$a180 pages
=520  \\$aOver fifty years ago, Vannevar Bush released his enormously influential report, Science, the Endless Frontier, which asserted a dichotomy between basic and applied science. This view was at the core of the compact between government and science that led to the golden age of scientific research after World War II--a compact that is currently under severe stress. In this book, Donald Stokes challenges Bush's view and maintains that we can only rebuild the relationship between government and the scientific community when we understand what is wrong with that view. Stokes begins with an analysis of the goals of understanding and use in scientific research. He recasts the widely accepted view of the tension between understanding and use, citing as a model case the fundamental yet use-inspired studies by which Louis Pasteur laid the foundations of microbiology a century ago. Pasteur worked in the era of the " second industrial revolution, " when the relationship between basic science and technological change assumed its modern form. Over subsequent decades, technology has been increasingly science-based. But science has been increasingly technology-based--with the choice of problems and the conduct of research often inspired by societal needs. An example is the work of the quantum-effects physicists who are probing the phenomena revealed by the miniaturization of semiconductors from the time of the transistor's discovery after World War II. On this revised, interactive view of science and technology, Stokes builds a convincing case that by recognizing the importance of use-inspired basic research we can frame a new compact between science and government. His conclusions have majorimplications for both the scientific and policy communities and will be of great interest to those in the broader public who are troubled by the current role of basic science in American democracy.
=650  \0$aScience$1http://www.wikidata.org/entity/Q336$921650
=650  \0$aTechnology$1http://www.wikidata.org/entity/Q11016$921633
=650  \0$aInnovation$1http://www.wikidata.org/entity/Q174165$927076
=942  \\$cBOO
=952  \\$00$10$2ddc$40$6PHI_PAST_B_STOK$70$8PHI$918187$aORPH$bORPH$cKM12_3_2$d2021-08-03$g69.00$oPHI PAST b STOK$p20132883$r2021-01-12 00:00:00$w2021-01-12$yBOO
=999  \\$d18135

