=LDR  01737aam a2200217   4500
=001  18136
=005  20250120120016.0
=008  200828s2015\\\\\\\\\\\\\\\\\\\\\\0\eng
=020  \\$a9780521616850
=041  \\$aeng
=100  \\$aLowenthal, David$4aut$919541
=245  \\$aThe Past is a Foreign Country: Revisited
=260  \\$aNew York$bCambridge University Press$c2015
=300  \\$a660 pages
=520  \\$aThe past remains essential - and inescapable. A quarter-century after the publication of his classic account of man's attitudes to his past, David Lowenthal revisits how we celebrate, expunge, contest and domesticate the past to serve present needs. He shows how nostalgia and heritage now pervade every facet of public and popular culture. History embraces nature and the cosmos as well as humanity. The past is seen and touched and tasted and smelt as well as heard and read about. Empathy, re-enactment, memory and commemoration overwhelm traditional history. A unified past once certified by experts and reliant on written texts has become a fragmented, contested history forged by us all. New insights into history and memory, bias and objectivity, artefacts and monuments, identity and authenticity, and remorse and contrition, make this book once again the essential guide to the past that we inherit, reshape and bequeath to the future.
=648  \0$aPast$1http://www.wikidata.org/entity/Q192630$922196
=650  \0$aPhilosophy$1http://www.wikidata.org/entity/Q5891$92357
=650  \0$aHistory$1http://www.wikidata.org/entity/Q309$921403
=942  \\$cBOO
=952  \\$00$10$2ddc$40$6HUM_LOWE$70$8HUM$918188$aORPH$bORPH$cKTS1_H$d2020-08-25$g22.99$l2$oHUM LOWE$p20131529$r2021-10-19 00:00:00$s2021-10-19$w2021-01-12$yBOO
=999  \\$d18136

