=LDR  01722aam a2200181   4500
=001  18139
=005  20230123102316.0
=008  140613s2010\\\\\\\\\\\\\\\\\\\\\\0\e
=020  \\$a9780820337975
=041  \\$aeng
=100  \\$aMacey, Samuel$4aut$917097
=245  \\$aPatriarchs of time: Dualism in saturn-cronus, father time, the watchmaker god, and father christmas
=260  \\$aLondon$bUniversity of Georgia Press$c2010
=300  \\$a216
=520  \\$aExploring the personications of time by which Western civilization has ordered its attitudes toward both earthly existence and eternity, Patriarchs of Time traces the lineage of time's gods from the deities of ancient Mesopotamia and Persia through the pantheons of Greece and Rome, the Christian Father Time, and the brief reign of the Newtonian Watchmaker God to the consumerist Santa Claus who holds sway over the year's end celebrations of our own day. Each of these patriarchs, Samuel L. Macey shows, has embodied dualisms that re ect the dilemma in the Western mind between the joys and woes of our brief time on earth and the promise of eternal life or eternal punishment in the hereafter.

Santa Claus is today, effectively, the sole inheritor of Saturn's old midwinter festival, but Macey suggests that it remains to be seen whether he will fully manifest the dualism that has always characterized the West's patriarchs of time, and whether our present consumerist saturnalia will regain the spiritual message of hope and eternal life that has always been a part of time's dominion.
=942  \\$cBOO
=952  \\$00$10$2ddc$40$6PHI_MACE_A$70$8PHI$918191$aORPH$bORPH$cKM12_3_2$d2021-08-02$g33.95$oPHI MACE a$p20132830$r2021-01-12 00:00:00$w2021-01-12$yBOO
=999  \\$c18139$d18139

