=LDR  00523aam a2200157   4500
=001  18151
=005  20250120115929.0
=008  150520s1949\\\\\\\\\\\\\\\\\\\\\\0\f
=041  \\$afre
=100  \\$aPascal, Blaise$d1623-1662$4aut$1http://www.wikidata.org/entity/Q1290$98885
=245  \\$aPensées
=260  \\$aParis$bNelson éditeurs$c1949
=300  \\$a452
=942  \\$cBOO
=952  \\$00$10$2ddc$40$6PHI_PASC_A$70$8PHI$918204$aORPH$bORPH$cKM12_3_2$d2021-08-17$oPHI PASC a$p20133880$r2021-01-12 00:00:00$w2021-01-12$yBOO
=999  \\$c18151$d18151

