=LDR  00786aam a2200181   4500
=001  18152
=005  20250120115929.0
=008  170221s1946\\\\\\\\\\\\\\\\\\\\\\0\f
=041  \\$af
=100  \\$4Auteur$aPascal, Blaise$d1623-1662$1http://www.wikidata.org/entity/Q1290$98885
=100  \\$4Editeur$aLévêque, Gustave$919553
=245  \\$aLes Pensées (1670)
=260  \\$aParis$bEditions Diderot$c1946
=300  \\$a115
=520  \\$aTexte établi d'après les dernières découvertes paléologiques, accompagné d'une notice biographique, d'une notice litéraire et historique, d'un commentaire suivi et d'un lexique
=942  \\$cBOO
=952  \\$00$10$2ddc$40$6PHI_PASC_A$70$8PHI$918205$aORPH$bORPH$cKM12_3_2$d2021-08-17$oPHI PASC a$p20131090$r2021-01-12 00:00:00$w2021-01-12$yBOO
=999  \\$c18152$d18152

