=LDR  00503aam a2200169   4500
=001  18154
=005  20250109133037.0
=008  120417s1987\\\\\\\\\\\\\\\\\\\\\\0\f
=020  \\$a9782070709519
=041  \\$afre
=100  \\$aMorin, Edgar$4aut$919373
=245  \\$aPenser l'Europe
=260  \\$aParis$bGallimard$c1987
=300  \\$a221
=942  \\$cBOO
=952  \\$00$10$2ddc$40$6PHI_MORI_A$70$8PHI$918207$aORPH$bORPH$cKM12_3_2$d2021-08-06$oPHI MORI a$p20134506$r2021-01-12 00:00:00$w2021-01-12$yBOO
=999  \\$c18154$d18154

