=LDR  01523aam a2200205   4500
=001  18161
=005  20250109133040.0
=008  180131s2013\\\\\\\\\\\\\\\\\\\\\\0\e
=020  \\$a9789004244573
=041  \\$aeng
=100  \\$4Editor$aHarrison, George W. M.$919561
=100  \\$4Editor$aLiapis, Vayos$919562
=245  \\$aPerformance in Greek and Roman theatre
=260  \\$aLeiden, Boston$bBrill$c2013
=300  \\$a590
=520  \\$aIn recent years, classicists have begun aggressively to explore the impact of performance on the ways in which Greek and Roman plays are constructed and appreciated, both in their original performance context and in reperformances down to the present day. While never losing sight of the playscripts, it is necessary to adopt a more inclusive point of view, one integrating insights from archaeology, art, history, performance theory, theatre semiotics, theatrical praxis, and modern performance reception. This volume contributes to the restoration of a much-needed balance between performance and text: it is devoted to exploring how performance-related considerations (including stage business, masks, costumes, props, performance space, and stage-sets) help us attain an enhanced appreciation of ancient theatre.
=490  \\$aMnemosyne$pMonographs on Greek and Latin language and literature$vVolume 353
=942  \\$cBOO
=952  \\$00$10$2ddc$40$6LIT_HARR_A$70$8LIT$918214$aORPH$bORPH$cKM12_2_H$d2021-08-30$g196.00$oLIT HARR a$p20131323$r2021-01-12 00:00:00$w2021-01-12$yBOO
=999  \\$c18161$d18161

