=LDR  01622aam a2200241   4500
=001  18162
=005  20250820153550.0
=008  111114s1991\\\\\\\\\\\\\\\\\\\\\\0\eng
=020  \\$a9780835719124
=041  \\$aeng
=100  \\$aBorgir, Tharald$4aut$919563
=245  \\$aThe Performance of the Basso Continuo in Italian Baroque Music
=260  \\$aRochester$bBoydell & Brewer$c1991
=300  \\$a188 pages
=520  \\$aCovers the Italian Baroque period (1600-1730). Borgir rejects the notion that the basso continuo line is doubled by bass instruments and shows how these have an independent musical function in ensemble music. He untangles their confusing terminology and also explores the unexpected uses of the large lutes. Italian continuo practice included elaborate training in improvisation described in detail here for the first time.
Tharald Borgir is professor emeritus in the music department at Oregon State University. His principal performance activities have been on the harpsichord and the fortepiano.
=648  \0$a17th Century (1601-1700)$1http://www.wikidata.org/entity/Q7016$920923
=648  \0$a18th Century (1701-1800)$1http://www.wikidata.org/entity/Q7015$920899
=650  \0$aBasso continuo$1http://www.wikidata.org/entity/Q724321$921065
=650  \0$aHistorically informed performance$1http://www.wikidata.org/entity/Q1344860$920980
=651  \0$aItaly$1http://www.wikidata.org/entity/Q38$922
=942  \\$cBOO
=952  \\$00$10$2ddc$40$6TOP_IT_5_000000000000000$70$8TOP$918215$aORPH$bORPH$cKTS0$d2022-09-08$g19.00$l0$oTOP IT 5$p20110096$r2021-01-12 00:00:00$w2021-01-12$yBOO$Vamazon.co.uk
=999  \\$d18162

