=LDR  00567aam a2200169   4500
=001  18165
=005  20250109133040.0
=008  150707s2002\\\\\\\\\\\\\\\\\\\\\\0\e
=020  \\$a9783518291757
=041  \\$aeng
=100  \\$aWirth, Uwe$4aut$919566
=245  \\$aPerformanz: Zwischen Sprachphilosophie und Kulturwissenschaften
=260  \\$aFrankfurt am Main$bSuhrkamp$c2002
=300  \\$a435
=942  \\$cBOO
=952  \\$00$10$2ddc$40$6PHI_WIRT_A$70$8PHI$918218$aORPH$bORPH$cKM12_3_2$d2021-08-09$g18.00$oPHI WIRT a$p20133361$r2021-01-12 00:00:00$w2021-01-12$yBOO
=999  \\$c18165$d18165

