=LDR  01607aam a2200229   4500
=001  18167
=005  20251103124736.0
=008  190523s2000\\\\\\\\\\\\\\\\\\\\\\0\eng
=020  \\$a9780253337528
=041  \\$aeng
=100  \\$4aut$aDuffin, Ross W.$910619
=245  \\$aA Performer's Guide to Medieval Music
=260  \\$aBloomington, IN$aIndianapolis, IN$bIndiana University Press$c2000
=300  \\$a599 pages
=490  \\$aEarly Music America
=520  \\$aThis is an excellent reference volume including essays on all aspects of medieval music performance. With forty essays written by experts in the field on everything from repertoire, voices and instruments to basic theory, all aspects of recreation are treated. This guide has already proven indispensable to performers and scholars of medieval music. Chapters on vocal and choral music; various types of ensembles; profiles of specific instruments; instrumentation; performance practice issues; theory; dance; regional profiles of Renaissance music, and guidelines for directors are all treated. It is a comprehensive and authoritative reference by leading performers in the field for a variety of enthusiasts.
=648  \0$aMiddle Ages (500-1400)$1http://www.wikidata.org/entity/Q12554$920964
=650  \0$aHistorically informed performance$1http://www.wikidata.org/entity/Q1344860$920980
=650  \0$aMusical interpretation$1http://www.wikidata.org/entity/Q1668139$94533
=942  \\$cBOO
=952  \\$00$10$2ddc$40$6GHM_3_000000000000000$70$8GHM$918220$aORPH$bORPH$cKM12_1$d2021-11-19$oGHM3$p20134924$r2021-01-12 00:00:00$w2021-01-12$yBOO
=999  \\$d18167

