=LDR  01245aam a2200181   4500
=001  18168
=005  20230123104921.0
=008  120126s2012\\\\\\\\\\\\\\\\\\\\\\0\eng
=020  \\$a9781848168817
=041  \\$aeng
=100  \\$4edt$aMarshman, Anne$919568
=245  \\$aPerformer's voices across centuries and cultures: Selected proceedings of the 2009 performer's voice international symposium
=260  \\$aLondon$bImperial college press$c2012
=300  \\$a203 pages
=520  \\$aThis book and its accompanying website present the selected proceedings of the inaugural, "The Performer's Voice: An International Forum for Music Performance and Scholarship", directed by Dr Anne Marshman (editor) and hosted by the Yong Siew Toh Conservatory of Music, National University of Singapore. The chapters, which were selected through a process of international peer review, reflect the symposium's wide-ranging interdisciplinary scope, coupled with an uncompromising emphasis on the act of performance, the role of the performer and the professional performer's perspective.
=942  \\$cBOO
=952  \\$00$10$2ddc$40$6REF_3_000000000000000_MARS$70$8REF$918221$aORPH$bORPH$cKM12_1$d2021-08-26$oREF3 MARS$p20131242$r2021-01-12 00:00:00$w2021-01-12$yBOO
=999  \\$d18168

