=LDR  03622aam a2200301   4500
=001  18174
=005  20250121142132.0
=008  201111s2010\\\\\\\\\\\\\\\\\\\\\\0\ger
=020  \\$a9783895121371
=041  \\$ager
=245  \\$aPerkussionsinstrumente in der Kunstmusik vom 16. bis zur Mitte des 19. Jahrhunderts
=260  \\$aBlankenburg$bStiftung Kloster Michaelstein$c2010
=300  \\$a560 pages
=490  \\$aMichaelstein Konferenzberichte$v75
=505  \\$gPauke, Trommel und Flöte/Trommel um und nach 1500 / Dagmar Hoffmann-Axthelm
Timpani and side drums in England in the sixteenth and seventeenth centuries / Jeremy Montagu
Die Trommel im 3/4 Takt: Wie Michael Haydn sie zum Tanzen brachte / Kurt Birsak
Schlaginstrumente in Operngattungen im Frankreich des 17. und 18. Jahrhunderts / Herbert Schneider
Der Gebrauch von Membranophonen und Idiophonen in den Opern "auff dem grossen Hamburgischen Schau-Platze" am Gänsemarkt (1678-1738)
Schlaginstrumente in der Wiener Hofoper und im Wiener Oratorium zwischen 1705 and 1740 / Dagmar Glüxam
... Handel's use of timpani and percussion / Chrisopher Hogwood
Pauken und Verrillons in der Sondershäuser und Gothaer Hofkapelle / Chrisian Ahrens
Das Glockenspiel in Johann Matthesons Oratorien für den Hamburger Dom / Steffen Voss
Über den Einsatz von Pauken in Telemanns Vokalwerk / Ralph-Jürgen Reipsch
... Rekonstruktion und Spielerfahrungen mit einer einsaitigen Holzpauke nach Daniel Speer (1687) / Thilo Hirsch und Philip E. Tarr. (cont'd) Automated figures playing timpani on German organ-cases / Edmund A. Bowles
Pauken in sächsischen Kirchen / Cornelius Altmann
Three centuries of Schalltrichter in German timpani / Ben Harms
Die Pauke aus der Sicht der Physik / Helmut Fleischer
Herstellung und Gebrauch von Paukenfellen / Alexander Peter
Gerhard Cramer, inventor of the first machine drum / Edmund A. Bowles
Pauken mit innen liegender Mechanik von Ferdinand Anton de Rode / Monika Lustig
Pauken: Klangerwartungen und Spieltechniken von Bach bis Berlioz / Harald Buchta
Tutta l'arte dei Timpani : zur (Re)konstruktion von Paukenstimmen der Barockzeit / Philip E. Tarr
Erfahrungen mit Rekonstruktionen von Pauken- und Schlagwerkstimmen der Mozart-Zeit / Maarten van der Valk
Symphonic music for multiple timpani from the eighteenth and early nineteenth centuries / Harrison Powley
Acoustics of cymbals / Thomas D. Rossing
Der Schellenbaum
eine Erfindung aus dem Morgenland? / Birgit Heise
Janitscharenmusik: Orientalisches Rhythmusinstrumentarium in europäischen Musikfunktionen / Ralf Martin Jäger
Mitteleuropäische "Instrumenta, welche geschlagen oder geklopfft werden" aus drei Jahrhunderten / Monika Lustig
=590  \\$aXXXV. Wissenschaftliche Arbeitstagung und 28. Musikinstrumentenbau-Symposium Michaelstein, 4. bis 7. Oktober 2007
=648  \0$a16th Century (1501-1600)$1http://www.wikidata.org/entity/Q7017$920944
=648  \0$a17th Century (1601-1700)$1http://www.wikidata.org/entity/Q7016$920923
=648  \0$a18th Century (1701-1800)$1http://www.wikidata.org/entity/Q7015$920899
=648  \0$a19th Century (1801-1900)$1http://www.wikidata.org/entity/Q6955$920935
=650  \0$aPercussion$1http://www.wikidata.org/entity/Q1661583$92155
=700  \\$4edt$aSchmuhl, Boje E. Hans$917342
=700  \\$4edt$aLustig, Monika$917540
=700  \\$4edt$aOmonsky, Ute$917343
=710  2\$aStiftung Kloster Michaelstein (Germany)$1https://www.wikidata.org/wiki/Q1441940$926321
=942  \\$cBOO
=952  \\$00$10$2ddc$40$6INS_8A$70$8INS$918228$aORPH$bORPH$cKTS0$d2021-08-18$eKoopman$oINS8a$p20130460$r2021-01-12 00:00:00$w2021-01-12$yBOO
=999  \\$d18174

