=LDR  01929aam a2200205   4500
=001  18177
=005  20250925143305.0
=008  120913s1974\\\\\\\\\\\\\\\\\\\\\\0\eng
=020  \\$a9780226672885
=041  \\$aeng
=100  \\$aPolanyi, Michael$d1891-1976$4aut$1http://www.wikidata.org/entity/Q163087$918601
=245  \\$aPersonal Knowledge:$bTowards a Post-Critical Philosophy
=260  \\$aChicago, IL$bUniversity of Chicago Press$c1974
=300  \\$a428 pages
=520  \\$aIn this work the distinguished physical chemist and philosopher, Michael Polanyi, demonstrates that the scientist's personal participation in his knowledge, in both its discovery and its validation, is an indispensable part of science itself. Even in the exact sciences, "knowing" is an art, of which the skill of the knower, guided by his personal commitment and his passionate sense of increasing contact with reality, is a logically necessary part. In the biological and social sciences this becomes even more evident.

The tendency to make knowledge impersonal in our culture has split fact from value, science from humanity. Polanyi wishes to substitute for the objective, impersonal ideal of scientific detachment an alternative ideal which gives attention to the personal involvement of the knower in all acts of understanding. His book should help to restore science to its rightful place in an integrated culture, as part of the whole person's continuing endeavor to make sense of the totality of his experience. In honor of this work and his The Study of Man Polanyi was presented with the Lecomte de Noüy Award for 1959.
=648  \0$a20th Century (1901-2000)$1http://www.wikidata.org/entity/Q6927$920936
=650  \0$aPhilosophy$1http://www.wikidata.org/entity/Q5891$92357
=942  \\$cBOO
=952  \\$00$10$2ddc$40$6PHI_POLA_A$70$8PHI$918231$aORPH$bORPH$cKM12_3_2$d2021-08-02$oPHI POLA a$p20132860$r2021-01-12 00:00:00$w2021-01-12$yBOO
=999  \\$d18177

