=LDR  02125aam a2200217   4500
=001  18187
=005  20250109133259.0
=008  161129s2016\\\\\\\\\\\\\\\\\\\\\\0\ger
=020  \\$a9783826059940
=041  \\$ager
=100  \\$4edt$aJacobshagen, Arnold$918518
=245  \\$aPerspektiven musikalischer Interpretation
=260  \\$aWürzburg$bKönigshausen & Neumann$c2016
=300  \\$a231 pages
=490  \\$aMusik-Kultur-Geschichte$v4
=505  \\$aVorwort -- W. Auhagen: Geschichte und aktuelle Fragen der musikpsychologischen Interpretationsforschung -- R. Kopiez / F. Platz: Der audiovisuelle Interpret: Wie die Wechselwirkung von Sehen und Hören unser Gefallensurteil beeinflusst -- A. C. Lehmann / R. Kolb: Tempo-Variabilität in musikalischer Interpretation. 20 Einspielungen der Scarlatti-Sonate K. 55 durch Christian Zacharias -- A. Jacobshagen: Musikalische Interpretation als künstlerische Forschung? Konzepte und internationale Kontexte -- C. Miller: Musikalische Interpretation im Geschlechterdiskurs des 19. Jahrhunderts -- H. Lindmaier: Handlungsmöglichkeiten von Gitarristinnen des 19. Jahrhunderts vor dem Spiegel der Geschichtsschreibung. Ein Fallbeispiel -- G. Finke: Das Konzept des Steinway Artist zwischen Marketing und Mäzenatentum -- R. Braun: Interpretation oder Reprod uktion. Zur Aktualität der Aufführungspraxis der Zweiten Wiener Schule -- H.-C. Müller: Transformationen des Zufälligen. Die Interpretation indeterminierter Musik -- M. Elste: Nationalität und Internationalität der musikalischen Interpretation. Einige Fallbeispiele zur Diskussion -- A. Spiri: Intonationsfragen am modernen Klavier 
=520  \\$aDer Herausgeber Arnold Jacobshagen, Professor für Musikwissenschaft und Leiter des Instituts für Historische Musikwissenschaft an der Hochschule für Musik und Tanz Köln.
=650  \0$aHistorically informed performance$1http://www.wikidata.org/entity/Q1344860$920980
=942  \\$cBOO
=952  \\$00$10$2ddc$40$6MTP_2_000000000000000_JACO$70$8MTP$918241$aORPH$bORPH$cKM12_1$d2021-08-30$g37.64$l1$oMTP2 JACO$p20131255$r2021-06-22 00:00:00$s2021-03-10$w2021-01-12$yBOO
=999  \\$d18187

