=LDR  00511aam a2200169   4500
=001  18188
=005  20250109133040.0
=008  131203s1954\\\\\\\\\\\\\\\\\\\\\\0\n
=041  \\$adut
=100  \\$aDouliez, Paul$4aut$919581
=245  \\$aPeter Benoit
=260  \\$aHaarlem$bGottmer$c1954
=300  \\$a181 p.
=490  \\$aComponisten-serie, 29.
=942  \\$cBOO
=952  \\$00$10$2ddc$40$6BIO_BENO_D$70$8BIO$918242$aORPH$bORPH$cKTS1_P$d2022-07-15$oBIO BENO d$p20129637$r2021-01-12 00:00:00$w2021-01-12$yBOO
=999  \\$c18188$d18188

