=LDR  00560aam a2200157   4500
=001  18189
=005  20250109133040.0
=008  110919s1980\\\\\\\\\\\\\\\\\\\\\\0\\\\
=020  \\$aD198321351
=100  \\$aSchmook, Ger$4aut$919582
=245  \\$aPeter Benoits onrust : hertoetst aan oud beproefd en nieuw onder de hand gekomen materiaal
=260  \\$aAntwerpen$bMetropolis$c1980
=300  \\$a272
=942  \\$cBOO
=952  \\$00$10$2ddc$40$6BIO_BENO_D$70$8BIO$918243$aORPH$bORPH$cKTS1_P$d2022-07-15$oBIO BENO d$p20129613$r2021-01-12 00:00:00$w2021-01-12$yBOO
=999  \\$c18189$d18189

