=LDR  02147aam a2200325   4500
=001  18192
=005  20250820153550.0
=008  170627s1862\\\\\\\g\\\\\\\\\\\\\\0\fre\d
=041  \\$afre
=059  \\$apf
=100  \\$aElwart, Antoine$d1808-1877$1http://www.wikidata.org/entity/Q374582$4aut$95823
=245  \\$aPetit manuel d'harmonie, d'accompagnement de la basse chiffrée, de réduction de la partition au piano et de transposition musicale - Feuille Harmonique, contenant la théorie et pratique de tous les accords du système moderne
=250  \\$aCinquième édition
=260  \\$aParis$bChez Colombier$c1862
=300  \\$aiv-84-16 pages$binserted printed and manuscript pages, music examples, paper bound
=500  \\$a Elwart was a French composer and musicologist. 
=500  \\$aContains loose pages (complete) of Elwart's 'Feuille Harmonique, contenant la théorie et pratique de tous les accords du système moderne; Dédiée à son ami M. Lenvec' Paris, Colombier, s.d. (16 pages)
=590  \\$acontenant en outre des règles pour parvenir à écrire la basse ou un accompagnement de piano sous toute espèce de mélodie. Ouvrage à l'usage des jeunes Pianistes et des Amateurs, Dédié à M. Ch. Manry, son élève
=648  \0$a19th Century (1801-1900)$1http://www.wikidata.org/entity/Q6955$920935
=650  \0$aHarmony$1http://www.wikidata.org/entity/Q184421$92358
=650  \0$aBasso continuo$1http://www.wikidata.org/entity/Q724321$921065
=650  \0$aMethod$1http://www.wikidata.org/entity/Q2250960$921402
=650  \0$aTransposition$1http://www.wikidata.org/entity/Q815323$93154
=650  \0$aComposing$1http://www.wikidata.org/entity/Q92186587$93076
=650  \0$aMusic theory$1http://www.wikidata.org/entity/Q193544$92662
=856  \\$uhttps://gallica.bnf.fr/view3if/ga/ark:/12148/bpt6k1315403$3Petit Manuel d'Harmonie
=856  \\$uhttps://gallica.bnf.fr/view3if/ga/ark:/12148/btv1b10076140x$3Feuille Harmonique
=942  \\$cBOO
=952  \\$00$10$2ddc$40$6KTS_1_000000000000000_H_02_042$70$8RAR$918246$aORPH$bORPH$cKTS1_H$d2024-04-08$l0$oKTS1 H.02.042$p20146494$r2021-01-12 00:00:00$w2021-01-12$yBOO
=999  \\$d18192

