=LDR  01531aam a2200181   4500
=001  18200
=005  20250109133040.0
=008  120425s1993\\\\\\\\\\\\\\\\\\\\\\0\eng
=020  \\$a9780201626636
=041  \\$aeng
=100  \\$aFeibelman, Peter J.$4aut$919589
=245  \\$aA PhD Is Not Enough: A Guide To Survival In Science
=260  \\$aNew York$bBasic Books$c1993
=300  \\$a109 pages
=520  \\$aDespite your graduate education, brainpower, and technical prowess, your career in scientific research is far from assured. Permanent positions are scarce, science survival is rarely part of formal graduate training, and a good mentor is hard to find. This exceptional volume explains what stands between you and fulfilling long-term research career. Bringing the key survival skills into focus, A Ph.D. Is Not Enough! proposes a rational approach to establishing yourself as a scientist. It offers sound advice of selecting a thesis or postdoctoral adviser, choosing among research jobs in academia, government laboratories, and industry, preparing for an employment interview, and defining a research program. This book will help you make your oral presentations effective, your journal articles compelling, and your grant proposals successful. A Ph.D. Is Not Enough should be required reading for anyone on the threshold of a career in science.


=942  \\$cBOO
=952  \\$00$10$2ddc$40$6REF_2_000000000000000_FEIB$70$8REF$918254$aORPH$bORPH$cKM12_1$d2021-08-23$oREF2 FEIB$p20131149$r2021-01-12 00:00:00$w2021-01-12$yBOO
=999  \\$d18200

