=LDR  01438aam a2200181   4500
=001  18202
=005  20230123104925.0
=008  120424s2008\\\\\\\\\\\\\\\\\\\\\\0\e
=020  \\$a9780415391221
=041  \\$aeng
=100  \\$4Editor$aGallagher, Shaun$916937
=100  \\$4Editor$aZahavi, Dan$919590
=245  \\$aThe Phenomenological Mind: An Introduction to Philosophy of Mind and Cognitive Science
=260  \\$aLondon$bRoutledge$c2008
=520  \\$aThe Phenomenological Mindis the first book to properly introduce fundamental questions about the mind from the perspective of phenomenology. Key questions and topics covered include: What is phenomenology? naturalizing phenomenology and the empirical cognitive sciences phenomenology and consciousness consciousness and self-consciousness, including perception and action time and consciousness, including William James intentionality the embodied mind action knowledge of other minds situated and extended minds phenomenology and personal identity Interesting and important examples are used throughout, including phantom limb syndrome, blindsight and self-disorders in schizophrenia, making The Phenomenological Mindan ideal introduction to key concepts in phenomenology, cognitive science and philosophy of mind.

=942  \\$cBOO
=952  \\$00$10$2ddc$40$6PHI_GALL_A$70$8PHI$918256$aORPH$bORPH$cKM12_3_2$d2021-08-11$oPHI GALL a$p20133682$r2021-01-12 00:00:00$w2021-01-12$yBOO
=999  \\$c18202$d18202

