=LDR  01093aam a2200181   4500
=001  18204
=005  20250109133040.0
=008  120827s1994\\\\\\\\\\\\\\\\\\\\\\0\eng
=020  \\$a780803957992
=041  \\$aeng
=100  \\$aMoustakas, Clark$4aut$919592
=245  \\$aPhenomenological research methods
=260  \\$aThousand Oaks$bSage Publications$c1994
=300  \\$a192 pages
=520  \\$aIn this volume, Clark Moustakas clearly discusses the theoretical underpinnings of phenomenology, based on the work of Husserl and others, and takes the reader step-by-step through the process of conducting a phenomenological study. His concise guide provides numerous examples of successful phenomenological studies from a variety of fields including therapy, health care, victimology, psychology and gender studies. The book also includes form letters and other research tools to use in designing and conducting a study.
=942  \\$cBOO
=952  \\$00$10$2ddc$40$6REF_2_000000000000000_MOUS$70$8REF$918258$aORPH$bORPH$cKM12_1$d2021-08-24$oREF2 MOUS$p20131163$r2021-01-12 00:00:00$w2021-01-12$yBOO
=999  \\$d18204

