=LDR  00619aam a2200181   4500
=001  18206
=005  20250120120016.0
=008  130124s1950\\\\\\\\\\\\\\\\\\\\\\0\dut
=041  \\$adut
=245  \\$aPhenomenologie en wijsbegeerte
=260  \\$aBrussels$bHet Spectrum$c1950
=300  \\$a48 pages
=700  \\$4aut$aKwant, Remigius$917296
=700  \\$4aut$aKievits, Arnold$919594
=942  \\$cBOO
=952  \\$00$10$2ddc$40$6PHI_KWAN_A$70$8PHI$918260$aORPH$bORPH$cKM12_3_2$d2021-08-10$oPHI KWAN a$p20135723$r2021-01-12 00:00:00$w2021-01-12$yBOO
=999  \\$c18206$d18206
=650  \0$aPhilosophy$1http://www.wikidata.org/entity/Q5891$92357

