=LDR  00565aam a2200145   4500
=001  18207
=005  20230123104926.0
=008  150521s1953\\\\\\\\\\\\\\\\\\\\\\0\f
=041  \\$afre
=100  \\$aDe Waelhens, A.$4aut$919595
=245  \\$aPhénoménologie et vérité: Essai sur l'évolution de l'idée de vérité chez Husserl et Heidegger
=260  \\$aParis$bPresses Universitaires de France$c1953
=942  \\$cBOO
=952  \\$00$10$2ddc$40$6PHI_WAEL_A$70$8PHI$918261$aORPH$bORPH$cKM12_3_2$d2021-08-06$oPHI WAEL a$p20133212$r2021-01-12 00:00:00$w2021-01-12$yBOO
=999  \\$c18207$d18207

