=LDR  01448aam a2200253   4500
=001  18212
=005  20251028114129.0
=008  111114s2002\\\\-uk\\\\\\\\\\\\\\\0\eng
=020  \\$a9780415278416
=041  \\$aeng
=100  \\$4aut$aMerleau-Ponty, Maurice$d1908-1961$919593
=245  \\$aPhenomenology of Perception
=260  \\$aLondon$bTaylor & Francis$c2002
=300  \\$a544 pages
=520  \\$aChallenging and rewarding in equal measure, Phenomenology of Perception is Merleau-Ponty's most famous work. Impressive in both scope and imagination, it uses the example of perception to return the body to the forefront of philosophy for the first time since Plato. Drawing on case studies such as brain-damaged patients from the First World War, Merleau-Ponty brilliantly shows how the body plays a crucial role not only in perception but in speech, sexuality and our relation to others.
=648  \0$a20th Century (1901-2000)$1http://www.wikidata.org/entity/Q6927$920936
=650  \0$aPhilosophy$1http://www.wikidata.org/entity/Q5891$92357
=650  \0$aPhenomenology$1http://www.wikidata.org/entity/Q179235$920894
=651  \0$aFrance$1http://www.wikidata.org/entity/Q142$9131
=700  \\$aSmith, Colin$4trl$919599
=765  \\$aPhénomènologie de la perception
=942  \\$cBOO
=952  \\$00$10$2ddc$40$6PHI_MERL_A$70$8PHI$918266$aORPH$bORPH$cKM12_3_2$d2021-08-04$g11.86$oPHI MERL a$p20133012$r2021-01-12 00:00:00$w2021-01-12$yBOO
=999  \\$d18212

