=LDR  01482aam a2200205   4500
=001  18213
=005  20250109133041.0
=008  200619s2009\\\\\\\\\\\\\\\\\\\\\\0\e/n
=020  \\$a9789033473432
=041  \\$aeng$aned
=100  \\$4Editor$aGelder, Hilde Van$919600
=100  \\$4Editor$aGildemyn, Marie-Pascale$919601
=245  \\$aPhilippe van Snick : Pans de sensation
=260  \\$aLeuven$bAcco$c2009
=300  \\$a102 p.
=490  \\$aCahiers van het IvOK$v9
=520  \\$aThis cahier documents an artistic intervention undertaken by Philippe Van Snick over the course of two years (2005-2007) in a contemporary studio at Kesselsstraat 14 in Schaarbeek. The project commenced with the colors inherent to Philippe Van Snick's work: the three primary colors, the three secondary colors, black, and white. The colors were mixed with white and applied on eight different rectangular planes. Then these colors were progressively mixed with black. Blue and black, symbols of day and night, remained unaltered within the architectural framework throughout the process, as two vertical rectangular surfaces. Gold and silver were added in the form of two cubes. This combination restored the color palette the artist has been using since the early 1980s. Finally, the different color planes were painted white.
=942  \\$cBOO$2ddc
=952  \\$00$10$2ddc$40$6VIS_GELD$70$8VIS$918267$aORPH$bORPH$cKTS1_H$d2022-09-20$l0$oVIS GELD$p20126042$r2021-01-12 00:00:00$w2021-01-12$yBOO
=999  \\$c18213$d18213

