=LDR  02565aam a2200181   4500
=001  18215
=005  20250109133041.0
=008  150209s2010\\\\\\\\\\\\\\\\\\\\\\0\e
=020  \\$a9780804763509
=041  \\$aeng
=100  \\$aRokem, Freddie$4aut$919603
=245  \\$aPhilosophers & Thespians: Thinking performance
=260  \\$aStanford$bStanford university press$c2010
=300  \\$a227
=520  \\$aThe interaction between philosophy and theater or performance has recently become an important and innovative area of inquiry. "Philosophers and Thespians" contributes to this emerging field by looking at four direct encounters between philosophers and thespians, beginning with Socrates, Agathon, and Aristophanes in Plato's "Symposium" and ending with a discussion between Walter Benjamin and Bertolt Brecht about a short text by Franz Kafka. Rokem also examines in detail Hamlet's complex and tragic split identity as both philosopher and thespian, as well as the intense correspondence between Friedrich Nietzsche and August Strindberg. His investigations - which move between the fictional and the historical - culminate in a comprehensive discussion of the notions of performance and performativity as derived from the discursive practices of philosophy and performance. At times competitive or mutually exclusive, these discourses also merge and engage with each other in creative ways.The interaction between philosophy and theater or performance has recently become an important and innovative area of inquiry. "Philosophers and Thespians" contributes to this emerging field by looking at four direct encounters between philosophers and thespians, beginning with Socrates, Agathon, and Aristophanes in Plato's "Symposium" and ending with a discussion between Walter Benjamin and Bertolt Brecht about a short text by Franz Kafka. Rokem also examines in detail Hamlet's complex and tragic split identity as both philosopher and thespian, as well as the intense correspondence between Friedrich Nietzsche and August Strindberg. His investigations - which move between the fictional and the historical - culminate in a comprehensive discussion of the notions of performance and performativity as derived from the discursive practices of philosophy and performance. At times competitive or mutually exclusive, these discourses also merge and engage with each other in creative ways.
=942  \\$cBOO
=952  \\$00$10$2ddc$40$6PHI_ROKE_A$70$8PHI$918269$aORPH$bORPH$cKM12_3_2$d2021-08-06$g14.00$oPHI ROKE a$p20133182$r2021-01-12 00:00:00$w2021-01-12$yBOO
=999  \\$c18215$d18215

