=LDR  00561aam a2200157   4500
=001  18217
=005  20230123104927.0
=008  130211s\\\\\\\\\\\\\\\\\\\\\\\\\\0\n
=041  \\$adut
=100  \\$4Redacteur$aVan Oyen, H.$919605
=245  \\$aPhilosophia: Beknopt handboek tot de geschiedenis van het wijgeerig denken
=260  \\$aDe Haan$bUitgeversmaatschappij
=300  \\$a416
=942  \\$cBOO
=952  \\$00$10$2ddc$40$6PHI_0_000000000000000_OYEN$70$8PHI$918271$aORPH$bORPH$cKM12_3_2$d2021-08-18$oPHI0 OYEN$p20133967$r2021-01-12 00:00:00$w2021-01-12$yBOO
=999  \\$c18217$d18217

