=LDR  01199aam a2200241   4500
=001  18222
=005  20250925143305.0
=008  150226s1976\\\\\\\\\\\\\\\\\\\\\\0\eng
=020  \\$a0520034759
=041  \\$aeng$hger
=100  \\$4aut$aGadamer, Hans-Georg$d1900-2002$910070
=245  \\$aPhilosophical Hermeneutics
=250  \\$a2nd ed.
=260  \\$aBerkeley, CA$bUniversity of California Press$c1976
=300  \\$a243 pages
=520  \\$aThis excellent collection contains 13 essays from Gadamer's Kleine Schriften, dealing with hermeneutical reflection, phenomenology, existential philosophy, and philosophical hermeneutics. Gadamer applies hermeneutical analysis to Heidegger and Husserl's phenomenology, an approach that proves critical and instructive.
=648  \0$a20th Century (1901-2000)$1http://www.wikidata.org/entity/Q6927$920936
=650  \0$aPhilosophy$1http://www.wikidata.org/entity/Q5891$92357
=650  \0$aHermeneutics$1http://www.wikidata.org/entity/Q102686$922567
=700  \\$4trl$aLinge, David E.$919609
=942  \\$cBOO
=952  \\$00$10$2ddc$40$6PHI_GADA_A$70$8PHI$918276$aORPH$bORPH$cKM12_3_2$d2021-08-11$oPHI GADA a$p20133672$r2021-01-12 00:00:00$w2021-01-12$yBOO
=999  \\$d18222

