=LDR  01199aam a2200193   4500
=001  18224
=005  20250120120039.0
=008  190506s2001\\\\\\\\\\\\\\\\\\\\\\0\e
=020  \\$a9780631231271
=041  \\$aeng
=100  \\$4Auteur$aWittgenstein, Ludwig$d1889-1951$1http://www.wikidata.org/entity/Q9391$916307
=100  \\$4Translator$aAnscombe, G.E.M.$919610
=245  \\$aPhilosophical investigations
=260  \\$bBlackwell Publishing Ltd$c2001
=300  \\$a246
=520  \\$aDESCRIPTION
The Philosophical Investigations of Ludwig Wittgenstein (1889-1951) present his own distillation of two decades of intense work on the philosophies of mind, language and meaning.
ABOUT THE AUTHOR
Ludwig Wittgenstein - 1889 - 1951 - was an Austrian-British philosopher who taught at the University of Cambridge and is known as one of the most important philosophers of the 20th century. He worked in the areas of logic and the philosophy of mathematics, the mind and language. The majority of his writing was published after his death.
=942  \\$cBOO
=952  \\$00$10$2ddc$40$6PHI_WITT_A$70$8PHI$918278$aORPH$bORPH$cKM12_3_2$d2021-08-09$oPHI WITT a$p20133381$r2021-01-12 00:00:00$w2021-01-12$yBOO
=999  \\$c18224$d18224

