=LDR  00573aam a2200169   4500
=001  18236
=005  20230123104929.0
=008  170131s1948\\\\\\\\\\\\\\\\\\\\\\0\f
=041  \\$afre
=100  \\$aWaelhens, A. De$4aut$919614
=245  \\$aLa philosophie de Martin Heidegger
=260  \\$aLouvain$bEditions de l'institut supérieur de philosophie$c1948
=250  \\$aTroisième
=300  \\$a376
=942  \\$cBOO
=952  \\$00$10$2ddc$40$6PHI_HEID_B_WAEL$70$8PHI$918290$aORPH$bORPH$cKM12_3_2$d2021-08-05$oPHI HEID b WAEL$p20133109$r2021-01-12 00:00:00$w2021-01-12$yBOO
=999  \\$c18236$d18236

