=LDR  02165aam a2200265   4500
=001  18240
=005  20251001162313.0
=008  120113s1998\\\\\\\\\\\\\\\\\\\\\\0\ger
=020  \\$a3518293125
=041  \\$ager
=100  \\$aAdorno, Theodor W.$d1903-1969$4aut$1http://www.wikidata.org/entity/Q152388$915795
=245  \\$aPhilosophie der neuen Musik
=260  \\$aDarmstadt$bWissenschaftliche Buchgesellschaft$c1998
=300  \\$a206 pages
=490  \\$aGesammelte Schriften$v12
=520  \\$aIn 1947, Theodor Adorno announced his return after exile in the United States to a devastated Europe by writing Philosophy of New Music. Intensely polemical from its first publication, every aspect of this work was met with extreme reactions, from stark dismissal to outrage. Even Schoenberg reviled it. Despite the controversy, Philosophy of New Music became highly regarded and widely read among musicians, scholars, and social philosophers. Marking a major turning point in his musicological philosophy, Adorno located a critique of musical reproduction as internal to composition itself, rather than as a matter of the reproduction of musical performance. Consisting of two distinct essays, 'Schoenberg and Progress' and 'Stravinsky and Reaction,' this work poses the musical extremes in which Adorno perceived the struggle for the cultural future of Europe: between human emancipation and barbarism, between the compositional techniques and achievements of Schoenberg and Stravinsky.
=600  \0$aSchoenberg, Arnold$d1874-1951$1http://www.wikidata.org/entity/Q154770$915986
=600  \0$aStravinsky, Igor$d1882-1971$1http://www.wikidata.org/entity/Q7314$919367
=648  \0$a20th Century (1901-2000)$1http://www.wikidata.org/entity/Q6927$920936
=650  \0$aMusic philosophy and aesthetics$1http://www.wikidata.org/entity/Q2092865$921165
=650  \0$aAvant-garde$1http://www.wikidata.org/entity/Q102932$921178
=651  \0$aDarmstadt (Germany)$1http://www.wikidata.org/entity/Q2973$921595
=942  \\$cBOO
=952  \\$00$10$2ddc$40$6PHI_ADOR_A$70$8PHI$918294$aORPH$bORPH$cKM12_3_2$d2021-08-03$oPHI ADOR a$p20132904$r2021-01-12 00:00:00$w2021-01-12$yBOO
=999  \\$d18240

