=LDR  01427aam a2200181   4500
=001  18241
=005  20250120120015.0
=008  120113s1997\\\\\\\\\\\\\\\\\\\\\\0\d
=020  \\$a9783518278390
=041  \\$ager
=100  \\$aAdorno, Theodor W.$d1903-1969$4aut$1http://www.wikidata.org/entity/Q152388$915795
=245  \\$aPhilosophie der neuen musik
=260  \\$aFrankfurt am Main$bSuhrkamp taschenbuch wissenschaft$c1997
=300  \\$a198
=520  \\$aTheodor W. Adorno wurde am 11. September 1903 in Frankfurt am Main geboren und starb am 06. August 1969 während eines Ferienaufenthalts in Visp/Wallis an den Folgen eines Herzinfarkts. Von 1921 bis 1923 studierte er in Frankfurt Philosophie, Soziologie, Psychologie und Musikwissenschaft und promovierte 1924 über Die Transzendenz des Dinglichen und Noematischen in Husserls Phänomenologie. Bereits während seiner Schulzeit schloss er Freundschaft mit Siegfried Kracauer und während seines Studiums mit Max Horkheimer und Walter Benjamin. Mit ihnen zählt Adorno zu den wichtigsten Vertretern der ?Frankfurter Schule?, die aus dem Institut für Sozialforschung an der Johann Wolfgang Goethe-Universität in Frankfurt hervorging. Sämtliche Werke Adornos sind im Suhrkamp Verlag erschienen.
=942  \\$cBOO
=952  \\$00$10$2ddc$40$6PHI_ADOR_A$70$8PHI$918295$aORPH$bORPH$cKM12_3_2$d2021-08-03$g527.00$oPHI ADOR a$p20132911$r2021-01-12 00:00:00$w2021-01-12$yBOO
=999  \\$c18241$d18241

