=LDR  01885aam a2200193   4500
=001  18252
=005  20250109133041.0
=008  130416s2010\\\\\\\\\\\\\\\\\\\\\\0\e
=020  \\$a9780826436634
=041  \\$ae
=100  \\$4Author$aLaruelle, François$919618
=100  \\$4Translator$aGangle, Rocco$919619
=245  \\$aPhilosophies of difference: A critical introduction to non-philosophy
=260  \\$aLondon$bContinuum$c2010
=300  \\$a228
=520  \\$aA crucial text in the development of François Laruelle's oeuvre and an excellent starting point for understanding his broader project, Philosophies of Difference offers a theoretical and critical analysis of the philosophers of difference after Hegel and Nietzsche. Laruelle then uses this analysis to introduce a new theoretical practice of non-philosophical thought; Rather than presenting a narrative historical overview, Laruelle provides a series of rigorous critiques of the various interpretations of difference in Hegel, Nietzsche and Deleuze, Heidegger and Derrida. From Laruelle's innovative theoretical perspective, the forms of philosophical difference that emerge appear as variations upon a unique, highly abstract structure of philosophical decision, the self-posing and self-legitimating essence of philosophy itself. Reconceived in terms of philosophical decision, the seemingly radical concept of philosophical difference is shown to configure rather the identity of philosophy as such, which thus becomes manifest as a contingent and no longer absolute form of thinking. The way is thereby opened for initiating a new form of thought, anticipated here with the development of a key notion of non-philosophy, the Vision-in-One.
=942  \\$cBOO
=952  \\$00$10$2ddc$40$6PHI_LARU_A$70$8PHI$918306$aORPH$bORPH$cKM12_3_2$d2021-08-11$g12.00$oPHI LARU a$p20130509$r2021-01-12 00:00:00$w2021-01-12$yBOO
=999  \\$c18252$d18252

