=LDR  02296aam a2200205   4500
=001  18260
=005  20251001162234.0
=008  120228s1999\\\\\\\\\\\\\\\\\\\\\\0\eng
=020  \\$a9780520212831
=041  \\$aeng
=100  \\$aDanto, Arthur C.$d1924-2013$4aut$1http://www.wikidata.org/entity/Q365129$918317
=245  \\$aPhilosophizing Art:$bSelected Essays
=260  \\$aBerkeley$bUniversity of California Press$c1999
=300  \\$a273 pages
=520  \\$aArthur Danto's work has always affirmed a deep relationship between philosophy and art. These essays explore this relationship through a number of concrete cases in which either artists are driven by philosophical agendas or their art is seen as solving philosophical problems in visual terms. The essays cover a varied terrain, with subjects including Giotto's use of olfactory data in The Raising of Lazarus; chairs in art and chairs as art; Mel Bochner's Wittgenstein drawings; the work of Robert Motherwell, Andy Warhol, and Robert Irwin; Louis Kahn as "Archai-Tekt"; and visual truth in film. Also featured are a meditation on the battle of Gettysburg; and a celebration of the Japanese artist Shiko Munakata, an essay that is partly autobiographical.
Arthur C. Danto is one of the most original and multitalented philosophers writing today, a thinker whose interests traverse the boundaries of traditional understandings of philosophy. Best known for his contributions to the philosophy of art and aesthetics, Danto is also esteemed for his work in the history of philosophy, the philosophy of history, philosophical psychology, and action theory. These two volumes, each with an introduction by the author, contain essays spanning more than twenty-five years that have been selected to highlight the inseparability of philosophy and art in Danto's work. Together they present the thinking of Arthur C. Danto at his very best.

--------------------------------------------------------------------------------

=648  \0$a20th Century (1901-2000)$1http://www.wikidata.org/entity/Q6927$920936
=650  \0$aAesthetics$1http://www.wikidata.org/entity/Q35986$921494
=942  \\$cBOO
=952  \\$00$10$2ddc$40$6AES_DANT$70$8AES$918314$aORPH$bORPH$cKM12_1$d2021-08-11$g24.00$oAES DANT$p20133642$r2021-01-12 00:00:00$w2021-01-12$yBOO
=999  \\$d18260

