=LDR  02940aam a2200265   4500
=001  18262
=005  20250120120907.0
=008  181129s1998\\\\\\\\\\\\\\\\\\\\\\0\eng
=020  \\$a9789068319774
=041  \\$aeng
=245  \\$aPhilosophy and Arts in the Islamic World
=260  \\$aLeuven$bPeeters$c1998
=300  \\$a332 pages
=490  \\$aOrientalia Lovaniensia Analecta$v87
=520  \\$aThe volume contains 26 contributions to literature, philosophy, linguistics and epigraphy in Islamic culture, ranging from pre-Islamic poetry to contemporary prose, from the Ihwan as-Safa to the theology of Mawdudi, from lexicography to epigraphy. These papers were read at the Eighteenth International Congress of the Union Europeenne des Arabisants et Islamisants, organized by the Catholic University of Leuven (KUL) from 3 to 10 September 1996. A second volume of proceedings, that appears along with this one (OLA 86), is more concerned with questions of actuality and political organisation, including Christian minorities in the Arab world, in their relation to the Muslim environment. As such the two volumes put together, will provide to the world of learning, we may say, an overall picture of the current scientific investigations about Islamic culture and society. 

Series: 
Orientalia Lovaniensia Analecta, 87

Summary:
The volume contains 26 contributions to literature, philosophy, linguistics and epigraphy in Islamic culture, ranging from pre-Islamic poetry to contemporary prose, from the Ihwan as-Safa to the theology of Mawdudi, from lexicography to epigraphy. These papers were read at the Eighteenth International Congress of the Union Européenne des Arabisants et Islamisants, organized by the Catholic University of Leuven (KUL) from 3 to 10 September 1996. A second volume of proceedings, that appears along with this one (OLA 86), is more concerned with questions of actuality and political organisation, including Christian minorities in the Arab world, in their relation to the Muslim environment. As such the two volumes put together, will provide to the world of learning, we may say, an overall picture of the current scientific investigations about Islamic culture and society.
=590  \\$aProceedings of the 18th Congress of the Union européenne des arabisants et islamisants held at the Katholieke Universiteit Leuven
=650  \0$aPhilosophy$1http://www.wikidata.org/entity/Q5891$92357
=650  \0$aFine art$1http://www.wikidata.org/entity/Q219625$921579
=650  \0$aIslam$1http://www.wikidata.org/entity/Q432$93059
=651  \0$aArabia$1http://www.wikidata.org/entity/Q57751375$925750
=700  \\$aVermeulen, Urbain$d1940-2016$4edt$1http://www.wikidata.org/entity/Q2420272$919625
=700  \\$4edt$aDe Smet, D.$919626
=942  \\$cBOO
=952  \\$00$10$2ddc$40$6TOP_AR_0_000000000000000$70$8TOP$918316$aORPH$bORPH$cKTS0$d2022-01-05$oTOP AR 0$p20126014$r2021-01-12 00:00:00$w2021-01-12$yBOO
=999  \\$d18262

