=LDR  01776aam a2200181   4500
=001  18266
=005  20230123104931.0
=008  120206s1985\\\\\\\\\\\\\\\\\\\\\\0\e
=020  \\$a9780521317498
=041  \\$aeng
=100  \\$aTaylor, Charles$4aut$919629
=245  \\$aPhilosophy and the human sciences: Philosophical papers 2
=260  \\$aCambridge$bCambridge University Press$c1985
=300  \\$a340
=520  \\$aCharles Taylor has been one of the most original and influential figures in contemporary philosophy: his 'philosophical anthropology' spans an unusually wide range of theoretical interests and draws creatively on both Anglo-American and Continental traditions in philosophy. A selection of his published papers is presented here in two volumes, structured to indicate the direction and essential unity of the work. He starts from a polemical concern with behaviourism and other reductionist theories (particularly in psychology and the philosophy of language) which aim to model the study of man on the natural sciences. This leads to a general critique of naturalism, its historical development and its importance for modern culture and consciousness; and that in turn points, forward to a positive account of human agency and the self, the constitutive role of language and value, and the scope of practical reason. The volumes jointly present some two decades of work on these fundamental themes, and convey strongly the tenacity, verve and versatility of the author in grappling with them. They will interest a very wide range of philosophers and students of the human sciences.
=942  \\$cBOO
=952  \\$00$10$2ddc$40$6PHI_TAYL_A$70$8PHI$918320$aORPH$bORPH$cKM12_3_2$d2021-08-04$g24.00$oPHI TAYL  a$p20133048$r2021-01-12 00:00:00$w2021-01-12$yBOO
=999  \\$c18266$d18266

