=LDR  01904aam a2200217   4500
=001  18270
=005  20250925143305.0
=008  120307s1957\\\\\\\\\\\\\\\\\\\\\\0\eng
=020  \\$a9780674665033
=041  \\$aeng
=100  \\$aLanger, Susanne K.$d1895-1985$4aut$919631
=245  \\$aPhilosophy in a New Key:$bA Study in the Symbolism of Reason, Rite and Art
=260  \\$aCambridge, MA$bHarvard University Press$c1957
=300  \\$a313 pages
=520  \\$aSusanne K. Langer is perhaps the only aesthetician with a firm grasp of mathematics, in particular symbolic logic. She wrote a book on that subject which is close to being a page-turner. Her prose is crystalline and her wit is as well-aimed as are her closely reasoned arguments. Because of her solid background in logical symbolism, she was able to build on the work of Ernst Cassirer and create the only viable science-based theory of aesthetics that I know of. (Recent books by neural scientists treating art as incidental instinctive behavior are misguided exercises in scientific arrogance, not science-based aesthetics).
Her work was buried in the avalanche of anti-science that accompanied the rise of post-modernism, and her wonderful books are no longer in print. This book, along with her masterpiece, "Feeling and Form," work together to create a solid foundation for a rational understanding of how each of the major art forms work to create their powerful effects.
Her unfinished magnum opus, "Mind," is fascinating, strange, and worth a careful reading.
=648  \0$1http://www.wikidata.org/entity/Q6927$a20th Century (1901-2000)$920936
=650  \0$1http://www.wikidata.org/entity/Q5891$aPhilosophy$92357
=651  \0$1http://www.wikidata.org/entity/Q30$aUSA$943
=942  \\$cBOO
=952  \\$00$10$2ddc$40$6PHI_LANG_A$70$8PHI$918324$aORPH$bORPH$cKM12_3_2$d2021-08-11$oPHI LANG a$p20133790$r2021-01-12 00:00:00$w2021-01-12$yBOO
=999  \\$d18270

