=LDR  01498aam a2200193   4500
=001  18273
=005  20230123104932.0
=008  130516s2005\\\\\\\\\\\\\\\\\\\\\\0\e
=020  \\$a9780521143448
=041  \\$aeng
=100  \\$aWeber, Marcel$4aut$919633
=245  \\$aPhilosophy of experimental biology
=260  \\$aCambridge$bCambridge University Press$c2005
=300  \\$a358
=520  \\$aPhilosophy of Experimental Biology explores some central philosophical issues concerning scientific research in experimental biology, including genetics, biochemistry, molecular biology, developmental biology, neurobiology, and microbiology. It seeks to make sense of the explanatory strategies, concepts, ways of reasoning, approaches to discovery and problem solving, tools, models and experimental systems deployed by scientific life science researchers and also integrates developments in historical scholarship, in particular the New Experimentalism. It concludes that historical explanations of scientific change that are based on local laboratory practice need to be supplemented with an account of the epistemic norms and standards that are operative in science. This book should be of interest to philosophers and historians of science as well as to scientists.
=490  \\$aCambridge studies in philisophy and biology
=942  \\$cBOO
=952  \\$00$10$2ddc$40$6PHI_WEBE_A$70$8PHI$918327$aORPH$bORPH$cKM12_3_2$d2021-08-06$g29.00$oPHI WEBE a$p20133206$r2021-01-12 00:00:00$w2021-01-12$yBOO
=999  \\$c18273$d18273

