=LDR  02225aam a2200277   4500
=001  18274
=005  20250120120200.0
=008  140305s2009\\\\\\\\\\\\\\\\\\\\\\0\eng
=020  \\$a9780226662794
=041  \\$aeng
=100  \\$aPeters, Gary$4aut$919634
=245  \\$aThe Philosophy of Improvisation
=260  \\$aChicago$bUniversity of Chicago Press$c2009
=300  \\$a189 pages
=520  \\$aImprovisation is usually either lionized as an ecstatic experience of being in the moment or disparaged as the thoughtless recycling of clichés. Eschewing both of these orthodoxies, The Philosophy of Improvisation ranges across the arts from music to theater, dance to comedy and considers the improvised dimension of philosophy itself in order to elaborate an innovative concept of improvisation.

Gary Peters turns to many of the major thinkers within continental philosophyincluding Heidegger, Nietzsche, Adorno, Kant, Benjamin, and Deleuz eoffering readings of their reflections on improvisation and exploring improvisational elements within their thinking. Peters's wry, humorous style offers an antidote to the frequently overheated celebration of freedom and community that characterizes most writing on the subject. Expanding the field of what counts as improvisation, The Philosophy of Improvisation will be welcomed by anyone striving to comprehend the creative process.
=600  \0$aKant, Immanuel$d1724-1804$1http://www.wikidata.org/entity/Q9312$917146
=600  \0$aNietzsche, Friedrich Wilhelm$d1844-1900$1http://www.wikidata.org/entity/Q9358$915868
=600  \0$aHeidegger, Martin$d1889-1976$1http://www.wikidata.org/entity/Q48301$917538
=600  \0$aBenjamin, Walter$d1892-1940$1http://www.wikidata.org/entity/Q61078$918744
=600  \0$aAdorno, Theodor W.$d1903-1969$1http://www.wikidata.org/entity/Q152388$915795
=600  \0$aDeleuze, Gilles$d1925-1995$1http://www.wikidata.org/entity/Q184226$915927
=650  \0$aImprovisation$1http://www.wikidata.org/entity/Q1049625$93640
=650  \0$aPhilosophy$1http://www.wikidata.org/entity/Q5891$92357
=942  \\$cBOO
=952  \\$00$10$2ddc$40$70$8COLL_UNK$918328$aORPH$bORPH$cLOC_UNK$d2022-01-27$g20.00$p20114469$r2021-01-12 00:00:00$w2021-01-12$yBOO
=999  \\$d18274

