=LDR  01099aam a2200229   4500
=001  18277
=005  20250925143305.0
=008  190509s1986\\\\\\\\\\\\\\\\\\\\\\0\eng
=020  \\$a0049200747
=041  \\$aeng
=100  \\$4aut$aRussell, Bertrand$d1872-1970$1http://www.wikidata.org/entity/Q33760$915730
=245  \\$aThe Philosophy of Logical Atomism and Other Essays 1914-19
=260  \\$aLondon$bAllen & Unwin$c1986
=300  \\$a418 pages
=490  \\$aThe Collected Papers of Bertrand Russell$v8
=520  \\$aTaken from a series of influential lectures delivered by Russell during the second decade of the twentieth century, this is a brilliant introduction to logical atomism and its application to ontology and epistemology.
=648  \0$a20th Century (1901-2000)$1http://www.wikidata.org/entity/Q6927$920936
=650  \0$aPhilosophy$1http://www.wikidata.org/entity/Q5891$92357
=700  \\$4edt$aSlater, John G.$917180
=942  \\$cBOO
=952  \\$00$10$2ddc$40$6PHI_RUSS_A$70$8PHI$918331$aORPH$bORPH$cKM12_3_2$d2021-08-09$oPHI RUSS a$p20133357$r2021-01-12 00:00:00$w2021-01-12$yBOO
=999  \\$d18277

