=LDR  00483aam a2200157   4500
=001  18278
=005  20251009081721.0
=008  140428s1962\\\\\\\\\\\\\\\\\\\\\\0\e
=041  \\$aeng
=100  \\$4edt$aChappell, C.$918761
=245  \\$aThe philosophy of mind
=260  \\$aUSA$bPrentice-Hallo$c1962
=300  \\$a178
=942  \\$cBOO
=952  \\$00$10$2ddc$40$6PHI_CHAP_A$70$8PHI$918332$aORPH$bORPH$cKM12_3_2$d2021-08-09$oPHI CHAP a$p20133410$r2021-01-12 00:00:00$w2021-01-12$yBOO
=999  \\$c18278$d18278

